[Chen 2014] Chen D., Manning C. D. A Fast and Accurate Dependency Parser using Neural Networks //EMNLP. – 2014. – С. 740-750.
@inproceedings{chen2014fast,
  title={A Fast and Accurate Dependency Parser using Neural Networks.},
  author={Chen, Danqi and Manning, Christopher D},
  booktitle={EMNLP},
  pages={740--750},
  year={2014}
}
[Bird 2009] Bird S., Klein E., Loper E. Natural language processing with Python. – " O'Reilly Media, Inc.", 2009.
@book{bird2009natural,
  title={Natural language processing with Python},
  author={Bird, Steven and Klein, Ewan and Loper, Edward},
  year={2009},
  publisher={" O'Reilly Media, Inc."}
}
[Aggarwal 2012] Aggarwal C. C., Zhai C. X. Mining text data. – Springer Science & Business Media, 2012.
@book{aggarwal2012mining,
  title={Mining text data},
  author={Aggarwal, Charu C and Zhai, ChengXiang},
  year={2012},
  publisher={Springer Science \& Business Media}
}
[Ananiadou 2014] Ananiadou S. et al. Event-based text mining for biology and functional genomics //Briefings in functional genomics. – 2014. – С. elu015.
@article{ananiadou2014event,
  title={Event-based text mining for biology and functional genomics},
  author={Ananiadou, Sophia and Thompson, Paul and Nawaz, Raheel and McNaught, John and Kell, Douglas B},
  journal={Briefings in functional genomics},
  pages={elu015},
  year={2014},
  publisher={Oxford University Press}
}
[Bach 2007] Bach N., Badaskar S. A review of relation extraction //Literature review for Language and Statistics II. – 2007.
@article{bach2007review,
  title={A review of relation extraction},
  author={Bach, Nguyen and Badaskar, Sameer},
  journal={Literature review for Language and Statistics II},
  year={2007}
}
[Faro 2012] Faro A., Giordano D., Spampinato C. Combining literature text mining with microarray data: advances for system biology modeling //Briefings in bioinformatics. – 2012. – Т. 13. – №. 1. – С. 61-82.
@article{faro2011combining,
  title={Combining literature text mining with microarray data: advances for system biology modeling},
  author={Faro, Alberto and Giordano, Daniela and Spampinato, Concetto},
  journal={Briefings in bioinformatics},
  pages={bbr018},
  year={2011},
  publisher={Oxford Univ Press}
}
[Fleuren 2015] Fleuren W. W. M., Alkema W. Application of text mining in the biomedical domain //Methods. – 2015. – Т. 74. – С. 97-106.
@article{fleuren2015application,
  title={Application of text mining in the biomedical domain},
  author={Fleuren, Wilco WM and Alkema, Wynand},
  journal={Methods},
  volume={74},
  pages={97--106},
  year={2015},
  publisher={Elsevier}
}
[Fukuda 1998] Fukuda K. et al. Toward information extraction: identifying protein names from biological papers //Pac Symp Biocomput. – 1998. – Т. 707. – №. 18. – С. 707-718.
@inproceedings{fukuda1998toward,
  title={Toward information extraction: identifying protein names from biological papers},
  author={Fukuda, Ken-ichiro and Tsunoda, Tatsuhiko and Tamura, Ayuchi and Takagi, Toshihisa and others},
  booktitle={Pac symp biocomput},
  volume={707},
  number={18},
  pages={707--718},
  year={1998},
  organization={Citeseer}
}
[Hanisch 2005] Hanisch D. et al. ProMiner: rule-based protein and gene entity recognition //BMC bioinformatics. – 2005. – Т. 6. – №. 1. – С. 1.
@article{hanisch2005prominer,
  title={ProMiner: rule-based protein and gene entity recognition},
  author={Hanisch, Daniel and Fundel, Katrin and Mevissen, Heinz-Theodor and Zimmer, Ralf and Fluck, Juliane},
  journal={BMC bioinformatics},
  volume={6},
  number={Suppl 1},
  pages={S14},
  year={2005},
  publisher={BioMed Central Ltd}
}
[He 2009] He M., Wang Y., Li W. PPI finder: a mining tool for human protein-protein interactions //PloS one. – 2009. – Т. 4. – №. 2. – С. e4554.
@article{he2009ppi,
  title={PPI finder: a mining tool for human protein-protein interactions},
  author={He, Min and Wang, Yi and Li, Wei},
  journal={PloS one},
  volume={4},
  number={2},
  pages={e4554},
  year={2009},
  publisher={Public Library of Science}
}
[Krallinger 2005] Krallinger M., Erhardt R. A. A., Valencia A. Text-mining approaches in molecular biology and biomedicine //Drug discovery today. – 2005. – Т. 10. – №. 6. – С. 439-445.
@article{krallinger2005text,
  title={Text-mining approaches in molecular biology and biomedicine},
  author={Krallinger, Martin and Erhardt, Ramon Alonso-Allende and Valencia, Alfonso},
  journal={Drug discovery today},
  volume={10},
  number={6},
  pages={439--445},
  year={2005},
  publisher={Elsevier}
}
[Krauthammer 2000] Krauthammer M. et al. Using BLAST for identifying gene and protein names in journal articles //Gene. – 2000. – Т. 259. – №. 1. – С. 245-252.
@article{krauthammer2000using,
  title={Using BLAST for identifying gene and protein names in journal articles},
  author={Krauthammer, Michael and Rzhetsky, Andrey and Morozov, Pavel and Friedman, Carol},
  journal={Gene},
  volume={259},
  number={1},
  pages={245--252},
  year={2000},
  publisher={Elsevier}
}
[Munkhdalai 2012] Munkhdalai T. et al. Bio named entity recognition based on co-training algorithm //Advanced Information Networking and Applications Workshops (WAINA), 2012 26th International Conference on. – IEEE, 2012. – С. 857-862.
@inproceedings{munkhdalai2012bio,
  title={Bio named entity recognition based on co-training algorithm},
  author={Munkhdalai, Tsendsuren and Li, Meijing and Kim, Taewook and Namsrai, Oyun-Erdene and Jeong, Seon-phil and Shin, Jungpil and Ryu, Keun Ho},
  booktitle={Advanced Information Networking and Applications Workshops (WAINA), 2012 26th International Conference on},
  pages={857--862},
  year={2012},
  organization={IEEE}
}
[Névéol 2010] Névéol A., Lu Z. Automatic integration of drug indications from multiple health resources //Proceedings of the 1st ACM international health informatics symposium. – ACM, 2010. – С. 666-673.
@inproceedings{neveol2010automatic,
  title={Automatic integration of drug indications from multiple health resources},
  author={N{\'e}v{\'e}ol, Aur{\'e}lie and Lu, Zhiyong},
  booktitle={Proceedings of the 1st ACM international health informatics symposium},
  pages={666--673},
  year={2010},
  organization={ACM}
}
[Rebholz-Schuhmann 2012] Rebholz-Schuhmann D., Oellrich A., Hoehndorf R. Text-mining solutions for biomedical research: enabling integrative biology //Nature Reviews Genetics. – 2012. – Т. 13. – №. 12. – С. 829-839.
@article{rebholz2012text,
  title={Text-mining solutions for biomedical research: enabling integrative biology},
  author={Rebholz-Schuhmann, Dietrich and Oellrich, Anika and Hoehndorf, Robert},
  journal={Nature Reviews Genetics},
  volume={13},
  number={12},
  pages={829--839},
  year={2012},
  publisher={Nature Publishing Group}
}
[Simpson 2012] Simpson M. S., Demner-Fushman D. Biomedical text mining: A survey of recent progress //Mining Text Data. – Springer US, 2012. – С. 465-517.
@incollection{simpson2012biomedical,
  title={Biomedical text mining: A survey of recent progress},
  author={Simpson, Matthew S and Demner-Fushman, Dina},
  booktitle={Mining text data},
  pages={465--517},
  year={2012},
  publisher={Springer}
}
[Song 2015] Song M. et al. PKDE4J: Entity and relation extraction for public knowledge discovery //Journal of biomedical informatics. – 2015. – Т. 57. – С. 320-332.
@article{song2015pkde4j,
  title={PKDE4J: Entity and relation extraction for public knowledge discovery},
  author={Song, Min and Kim, Won Chul and Lee, Dahee and Heo, Go Eun and Kang, Keun Young},
  journal={Journal of biomedical informatics},
  volume={57},
  pages={320--332},
  year={2015},
  publisher={Elsevier}
}
[Tsuruoka 2004] Tsuruoka Y., Tsujii J. Improving the performance of dictionary-based approaches in protein name recognition //Journal of biomedical informatics. – 2004. – Т. 37. – №. 6. – С. 461-470.
@article{tsuruoka2004improving,
  title={Improving the performance of dictionary-based approaches in protein name recognition},
  author={Tsuruoka, Yoshimasa and Tsujii, Jun’ichi},
  journal={Journal of biomedical informatics},
  volume={37},
  number={6},
  pages={461--470},
  year={2004},
  publisher={Elsevier}
}
[Zhou 2008] Zhou D., He Y. Extracting interactions between proteins from the literature //Journal of biomedical informatics. – 2008. – Т. 41. – №. 2. – С. 393-407.
@article{zhou2008extracting,
  title={Extracting interactions between proteins from the literature},
  author={Zhou, Deyu and He, Yulan},
  journal={Journal of biomedical informatics},
  volume={41},
  number={2},
  pages={393--407},
  year={2008},
  publisher={Elsevier}
}
[Zhou 2014] Zhou D., Zhong D., He Y. Biomedical relation extraction: From binary to complex //Computational and mathematical methods in medicine. – 2014. – Т. 2014.
@article{zhou2014biomedical,
  title={Biomedical relation extraction: from binary to complex},
  author={Zhou, Deyu and Zhong, Dayou and He, Yulan},
  journal={Computational and mathematical methods in medicine},
  volume={2014},
  year={2014},
  publisher={Hindawi Publishing Corporation}
}
[Zhu 2013] Zhu F. et al. Biomedical text mining and its applications in cancer research //Journal of biomedical informatics. – 2013. – Т. 46. – №. 2. – С. 200-211.
@article{zhu2013biomedical,
  title={Biomedical text mining and its applications in cancer research},
  author={Zhu, Fei and Patumcharoenpol, Preecha and Zhang, Cheng and Yang, Yang and Chan, Jonathan and Meechai, Asawin and Vongsangnak, Wanwipa and Shen, Bairong},
  journal={Journal of biomedical informatics},
  volume={46},
  number={2},
  pages={200--211},
  year={2013},
  publisher={Elsevier}
}
[Zweigenbaum 2007] Zweigenbaum P. et al. Frontiers of biomedical text mining: current progress //Briefings in bioinformatics. – 2007. – Т. 8. – №. 5. – С. 358-375.
@article{zweigenbaum2007frontiers,
  title={Frontiers of biomedical text mining: current progress},
  author={Zweigenbaum, Pierre and Demner-Fushman, Dina and Yu, Hong and Cohen, Kevin B},
  journal={Briefings in bioinformatics},
  volume={8},
  number={5},
  pages={358--375},
  year={2007},
  publisher={Oxford Univ Press}
}
[Raja 2013] Raja, K., Subramani, S., & Natarajan, J. (2013). PPInterFinder—a mining tool for extracting causal relations on human proteins from literature. Database, 2013, bas052.
@article{raja2013ppinterfinder,
  title={PPInterFinder—a mining tool for extracting causal relations on human proteins from literature},
  author={Raja, Kalpana and Subramani, Suresh and Natarajan, Jeyakumar},
  journal={Database},
  volume={2013},
  pages={bas052},
  year={2013},
  publisher={Oxford University Press}
}
[Proux 2000] Proux, D., Rechenmann, F., & Julliard, L. (2000, August). A pragmatic information extraction strategy for gathering data on genetic interactions. In ISMB (Vol. 8, pp. 279-285).
@inproceedings{proux2000pragmatic,
  title={A pragmatic information extraction strategy for gathering data on genetic interactions.},
  author={Proux, Denys and Rechenmann, Fran{\c{c}}ois and Julliard, Laurent and others},
  booktitle={ISMB},
  volume={8},
  pages={279--285},
  year={2000}
}
[Rastier 2002] Rastier, F., Cavazza, M., & Abeillé, A. (2002). Semantics for descriptions: From linguistics to computer science (No. 138). Stanford Univ Center for the Study.
@book{rastier2002semantics,
  title={Semantics for descriptions: From linguistics to computer science},
  author={Rastier, Fran{\c{c}}ois and Cavazza, Marc and Abeill{\'e}, Anne},
  number={138},
  year={2002},
  publisher={Stanford Univ Center for the Study}
}
[Clegg 2007] Clegg, A. B., & Shepherd, A. J. (2007). Benchmarking natural-language parsers for biological applications using dependency graphs. BMC bioinformatics, 8(1), 1.
@article{clegg2007benchmarking,
  title={Benchmarking natural-language parsers for biological applications using dependency graphs},
  author={Clegg, Andrew B and Shepherd, Adrian J},
  journal={BMC bioinformatics},
  volume={8},
  number={1},
  pages={1},
  year={2007},
  publisher={BioMed Central}
}
[Miwa 2009] Miwa M. et al. A rich feature vector for protein-protein interaction extraction from multiple corpora //Proceedings of the 2009 Conference on Empirical Methods in Natural Language Processing: Volume 1-Volume 1. – Association for Computational Linguistics, 2009. – С. 121-130.
@inproceedings{miwa2009rich,
  title={A rich feature vector for protein-protein interaction extraction from multiple corpora},
  author={Miwa, Makoto and S{\ae}tre, Rune and Miyao, Yusuke and Tsujii, Jun'ichi},
  booktitle={Proceedings of the 2009 Conference on Empirical Methods in Natural Language Processing: Volume 1-Volume 1},
  pages={121--130},
  year={2009},
  organization={Association for Computational Linguistics}
}
[Lodhi 2002] Lodhi H. et al. Text classification using string kernels //The Journal of Machine Learning Research. – 2002. – Т. 2. – С. 419-444.
@article{lodhi2002text,
  title={Text classification using string kernels},
  author={Lodhi, Huma and Saunders, Craig and Shawe-Taylor, John and Cristianini, Nello and Watkins, Chris},
  journal={Journal of Machine Learning Research},
  volume={2},
  number={Feb},
  pages={419--444},
  year={2002}
}
[Mooney 2005] Mooney R. J., Bunescu R. C. Subsequence kernels for relation extraction //Advances in neural information processing systems. – 2005. – С. 171-178.
@inproceedings{mooney2005subsequence,
  title={Subsequence kernels for relation extraction},
  author={Mooney, Raymond J and Bunescu, Razvan C},
  booktitle={Advances in neural information processing systems},
  pages={171--178},
  year={2005}
}
[Moschitti 2006] Moschitti A. Making Tree Kernels Practical for Natural Language Learning //EACL. – 2006. – Т. 113. – №. 120. – С. 24.
@inproceedings{moschitti2006making,
  title={Making Tree Kernels Practical for Natural Language Learning.},
  author={Moschitti, Alessandro},
  booktitle={EACL},
  volume={113},
  number={120},
  pages={24},
  year={2006}
}
[Bunescu 2005] Bunescu R. C., Mooney R. J. A shortest path dependency kernel for relation extraction //Proceedings of the conference on human language technology and empirical methods in natural language processing. – Association for Computational Linguistics, 2005. – С. 724-731.
@inproceedings{bunescu2005shortest,
  title={A shortest path dependency kernel for relation extraction},
  author={Bunescu, Razvan C and Mooney, Raymond J},
  booktitle={Proceedings of the conference on human language technology and empirical methods in natural language processing},
  pages={724--731},
  year={2005},
  organization={Association for Computational Linguistics}
}
[Airola 2008] Airola A. et al. A graph kernel for protein-protein interaction extraction //Proceedings of the workshop on current trends in biomedical natural language processing. – Association for Computational Linguistics, 2008. – С. 1-9.
@inproceedings{airola2008graph,
  title={A graph kernel for protein-protein interaction extraction},
  author={Airola, Antti and Pyysalo, Sampo and Bj{\"o}rne, Jari and Pahikkala, Tapio and Ginter, Filip and Salakoski, Tapio},
  booktitle={Proceedings of the workshop on current trends in biomedical natural language processing},
  pages={1--9},
  year={2008},
  organization={Association for Computational Linguistics}
}
[Miwa 2008] Miwa M. et al. Combining multiple layers of syntactic information for protein-protein interaction extraction //Proceedings of the Third International Symposium on Semantic Mining in Biomedicine. – 2008. – С. 101-108.
@inproceedings{miwa2008combining,
  title={Combining multiple layers of syntactic information for protein-protein interaction extraction},
  author={Miwa, Makoto and S{\ae}tre, Rune and Miyao, Yusuke and Ohta, Tomoko and Tsujii, Jun’ichi},
  booktitle={Proceedings of the third international symposium on semantic mining in biomedicine},
  pages={101--108},
  year={2008}
}
[Kim 2003] Kim J. D. et al. GENIA corpus—a semantically annotated corpus for bio-textmining //Bioinformatics. – 2003. – Т. 19. – №. suppl 1. – С. I180-i182.
@article{kim2003genia,
  title={GENIA corpus—a semantically annotated corpus for bio-textmining},
  author={Kim, J-D and Ohta, Tomoko and Tateisi, Yuka and Tsujii, Jun’ichi},
  journal={Bioinformatics},
  volume={19},
  number={suppl 1},
  pages={i180--i182},
  year={2003},
  publisher={Oxford Univ Press}
}
[Hirschman 2005] Hirschman L. et al. Overview of BioCreAtIvE: critical assessment of information extraction for biology //BMC bioinformatics. – 2005. – Т. 6. – №. Suppl 1. – С. S1.
@article{hirschman2005overview,
  title={Overview of BioCreAtIvE: critical assessment of information extraction for biology},
  author={Hirschman, Lynette and Yeh, Alexander and Blaschke, Christian and Valencia, Alfonso},
  journal={BMC bioinformatics},
  volume={6},
  number={1},
  pages={1},
  year={2005},
  publisher={BioMed Central}
}
[Krallinger 2008] Krallinger M. et al. Evaluation of text-mining systems for biology: overview of the Second BioCreative community challenge //Genome biology. – 2008. – Т. 9. – №. Suppl 2. – С. 1-9.
@article{krallinger2008evaluation,
  title={Evaluation of text-mining systems for biology: overview of the Second BioCreative community challenge},
  author={Krallinger, Martin and Morgan, Alexander and Smith, Larry and Leitner, Florian and Tanabe, Lorraine and Wilbur, John and Hirschman, Lynette and Valencia, Alfonso},
  journal={Genome biology},
  volume={9},
  number={2},
  pages={1},
  year={2008},
  publisher={BioMed Central}
}
[Leitner 2010] Leitner F. et al. An overview of BioCreative II. 5 //Computational Biology and Bioinformatics, IEEE/ACM Transactions on. – 2010. – Т. 7. – №. 3. – С. 385-399.
@article{leitner2010overview,
  title={An overview of BioCreative II. 5},
  author={Leitner, Florian and Mardis, Scott A and Krallinger, Martin and Cesareni, Gianni and Hirschman, Lynette A and Valencia, Alfonso},
  journal={IEEE/ACM Transactions on Computational Biology and Bioinformatics},
  volume={7},
  number={3},
  pages={385--399},
  year={2010},
  publisher={IEEE}
}
[Arighi 2011] Arighi C. N. et al. Overview of the BioCreative III workshop //BMC bioinformatics. – 2011. – Т. 12. – №. 8. – С. 1.
@article{arighi2011overview,
  title={Overview of the BioCreative III workshop},
  author={Arighi, Cecilia N and Lu, Zhiyong and Krallinger, Martin and Cohen, Kevin B and Wilbur, W John and Valencia, Alfonso and Hirschman, Lynette and Wu, Cathy H},
  journal={BMC bioinformatics},
  volume={12},
  number={8},
  pages={1},
  year={2011},
  publisher={BioMed Central}
}
[Arighi 2013] Arighi C. N. et al. An overview of the BioCreative 2012 Workshop Track III: interactive text mining task //Database. – 2013. – Т. 2013. – С. Bas056.
@article{arighi2013overview,
  title={An overview of the BioCreative 2012 Workshop Track III: interactive text mining task},
  author={Arighi, Cecilia N and Carterette, Ben and Cohen, K Bretonnel and Krallinger, Martin and Wilbur, W John and Fey, Petra and Dodson, Robert and Cooper, Laurel and Van Slyke, Ceri E and Dahdul, Wasila and others},
  journal={Database},
  volume={2013},
  pages={bas056},
  year={2013},
  publisher={Oxford University Press}
}
[Chen 2008] Chen E. S. et al. Automated acquisition of disease–drug knowledge from biomedical and clinical documents: an initial study //Journal of the American Medical Informatics Association. – 2008. – Т. 15. – №. 1. – С. 87-98.
@article{chen2008automated,
  title={Automated acquisition of disease--drug knowledge from biomedical and clinical documents: an initial study},
  author={Chen, Elizabeth S and Hripcsak, George and Xu, Hua and Markatou, Marianthi and Friedman, Carol},
  journal={Journal of the American Medical Informatics Association},
  volume={15},
  number={1},
  pages={87--98},
  year={2008},
  publisher={The Oxford University Press}
}
[Srinivasan 2002] Srinivasan P., Rindflesch T. Exploring text mining from MEDLINE //Proceedings of the AMIA Symposium. – American Medical Informatics Association, 2002. – С. 722.
@inproceedings{srinivasan2002exploring,
  title={Exploring text mining from MEDLINE.},
  author={Srinivasan, Padmini and Rindflesch, Thomas},
  booktitle={Proceedings of the AMIA Symposium},
  pages={722},
  year={2002},
  organization={American Medical Informatics Association}
}
[Wang 2009] Wang X. et al. Active computerized pharmacovigilance using natural language processing, statistics, and electronic health records: a feasibility study //Journal of the American Medical Informatics Association. – 2009. – Т. 16. – №. 3. – С. 328-337.
@article{wang2009active,
  title={Active computerized pharmacovigilance using natural language processing, statistics, and electronic health records: a feasibility study},
  author={Wang, Xiaoyan and Hripcsak, George and Markatou, Marianthi and Friedman, Carol},
  journal={Journal of the American Medical Informatics Association},
  volume={16},
  number={3},
  pages={328--337},
  year={2009},
  publisher={The Oxford University Press}
}
[Swanson 1991] Swanson D. R. Complementary structures in disjoint science literatures //Proceedings of the 14th annual international ACM SIGIR conference on Research and development in information retrieval. – ACM, 1991. – С. 280-289.
@inproceedings{swanson1991complementary,
  title={Complementary structures in disjoint science literatures},
  author={Swanson, Don R},
  booktitle={Proceedings of the 14th annual international ACM SIGIR conference on Research and development in information retrieval},
  pages={280--289},
  year={1991},
  organization={ACM}
}
[Swanson 1986] Swanson D. R. Fish oil, Raynaud's syndrome, and undiscovered public knowledge //Perspectives in biology and medicine. – 1986. – Т. 30. – №. 1. – С. 7-18.
@article{swanson1986fish,
  title={Fish oil, Raynaud's syndrome, and undiscovered public knowledge},
  author={Swanson, Don R},
  journal={Perspectives in biology and medicine},
  volume={30},
  number={1},
  pages={7--18},
  year={1986},
  publisher={The Johns Hopkins University Press}
}
[Ramadan 1989] Ramadan N. M. et al. Low brain magnesium in migraine //Headache: The Journal of Head and Face Pain. – 1989. – Т. 29. – №. 9. – С. 590-593.
@article{ramadan1989low,
  title={Low brain magnesium in migraine},
  author={Ramadan, NM and Halvorson, H and Vande-Linde, A and Levine, Steven R and Helpern, JA and Welch, KMA},
  journal={Headache: The Journal of Head and Face Pain},
  volume={29},
  number={9},
  pages={590--593},
  year={1989},
  publisher={Wiley Online Library}
}
[Ferrari 1992] Ferrari M. D. Biochemistry of migraine //Pathologie-biologie. – 1992. – Т. 40. – №. 4. – С. 287-292.
@article{ferrari1992biochemistry,
  title={Biochemistry of migraine.},
  author={Ferrari, MD},
  journal={Pathologie-biologie},
  volume={40},
  number={4},
  pages={287--292},
  year={1992}
}
[van Haagen 2009] van Haagen H. H. et al. Novel protein-protein interactions inferred from literature context //PLoS One. – 2009. – Т. 4. – №. 11. – С. E7894.
@article{van2009novel,
  title={Novel protein-protein interactions inferred from literature context},
  author={van Haagen, Herman HHBM and AC't Hoen, Peter and Bovo, Alessandro Botelho and de Morr{\'e}e, Antoine and van Mulligen, Erik M and Chichester, Christine and Kors, Jan A and den Dunnen, Johan T and van Ommen, Gert-Jan B and van der Maarel, Silv{\`e}re M and others},
  journal={PLoS One},
  volume={4},
  number={11},
  pages={e7894},
  year={2009},
  publisher={Public Library of Science}
}
[Elkin 2009] Elkin P. L. et al. BioProspecting: novel marker discovery obtained by mining the bibleome //BMC bioinformatics. – 2009. – Т. 10. – №. 2. – С. 1.
@article{elkin2009bioprospecting,
  title={BioProspecting: novel marker discovery obtained by mining the bibleome},
  author={Elkin, Peter L and Tuttle, Mark S and Trusko, Brett E and Brown, Steven H},
  journal={BMC bioinformatics},
  volume={10},
  number={2},
  pages={1},
  year={2009},
  publisher={BioMed Central}
}
[Weeber 2003] Weeber M. et al. Generating hypotheses by discovering implicit associations in the literature: a case report of a search for new potential therapeutic uses for thalidomide //Journal of the American Medical Informatics Association. – 2003. – Т. 10. – №. 3. – С. 252-259.
@article{weeber2003generating,
  title={Generating hypotheses by discovering implicit associations in the literature: a case report of a search for new potential therapeutic uses for thalidomide},
  author={Weeber, Marc and Vos, Rein and Klein, Henny and Aronson, Alan R and Molema, Grietje and others},
  journal={Journal of the American Medical Informatics Association},
  volume={10},
  number={3},
  pages={252--259},
  year={2003},
  publisher={The Oxford University Press}
}
[Srinivasan 2004a] Srinivasan P., Libbus B. Mining MEDLINE for implicit links between dietary substances and diseases //Bioinformatics. – 2004. – Т. 20. – №. suppl 1. – С. I290-i296.
@article{srinivasan2004mining,
  title={Mining MEDLINE for implicit links between dietary substances and diseases},
  author={Srinivasan, Padmini and Libbus, Bisharah},
  journal={Bioinformatics},
  volume={20},
  number={suppl 1},
  pages={i290--i296},
  year={2004},
  publisher={Oxford Univ Press}
}
[Srinivasan 2004b] Srinivasan P., Libbus B., Sehgal A. K. Mining medline: Postulating a beneficial role for curcumin longa in retinal diseases //Workshop BioLINK, linking biological literature, ontologies and databases at HLT NAACL. – 2004. – С. 33-40.
@inproceedings{srinivasan2004mining,
  title={Mining medline: Postulating a beneficial role for curcumin longa in retinal diseases},
  author={Srinivasan, Padmini and Libbus, Bisharah and Sehgal, Aditya Kumar},
  booktitle={Workshop BioLINK, linking biological literature, ontologies and databases at HLT NAACL},
  pages={33--40},
  year={2004}
}
[Frijters 2010] Frijters R. et al. Literature mining for the discovery of hidden connections between drugs, genes and diseases //PLoS Comput Biol. – 2010. – Т. 6. – №. 9. – С. E1000943.
@article{frijters2010literature,
  title={Literature mining for the discovery of hidden connections between drugs, genes and diseases},
  author={Frijters, Raoul and Van Vugt, Marianne and Smeets, Ruben and Van Schaik, Ren{\'e} and De Vlieg, Jacob and Alkema, Wynand},
  journal={PLoS Comput Biol},
  volume={6},
  number={9},
  pages={e1000943},
  year={2010},
  publisher={Public Library of Science}
}
[Jelier 2008] Jelier R. et al. Anni 2.0: a multipurpose text-mining tool for the life sciences //Genome Biol. – 2008. – Т. 9. – №. 6. – С. R96.
@article{jelier2008anni,
  title={Anni 2.0: a multipurpose text-mining tool for the life sciences},
  author={Jelier, Rob and Schuemie, Martijn J and Veldhoven, Antoine and Dorssers, Lambert CJ and Jenster, Guido and Kors, Jan A},
  journal={Genome biology},
  volume={9},
  number={6},
  pages={1},
  year={2008},
  publisher={BioMed Central}
}
[Šarić 2006] Šarić J. et al. Extraction of regulatory gene/protein networks from Medline //Bioinformatics. – 2006. – Т. 22. – №. 6. – С. 645-650.
@article{vsaric2006extraction,
  title={Extraction of regulatory gene/protein networks from Medline},
  author={{\v{S}}ari{\'c}, Jasmin and Jensen, Lars Juhl and Ouzounova, Rossitza and Rojas, Isabel and Bork, Peer},
  journal={Bioinformatics},
  volume={22},
  number={6},
  pages={645--650},
  year={2006},
  publisher={Oxford Univ Press}
}
[Yang 2010b] Yang Z., Lin H., Li Y. BioPPISVMExtractor: A protein–protein interaction extractor for biomedical literature using SVM and rich feature sets //Journal of biomedical informatics. – 2010. – Т. 43. – №. 1. – С. 88-96.
@article{yang2010bioppisvmextractor,
  title={BioPPISVMExtractor: A protein--protein interaction extractor for biomedical literature using SVM and rich feature sets},
  author={Yang, Zhihao and Lin, Hongfei and Li, Yanpeng},
  journal={Journal of biomedical informatics},
  volume={43},
  number={1},
  pages={88--96},
  year={2010},
  publisher={Elsevier}
}
[Narayanaswamy 2005] Narayanaswamy M., Ravikumar K. E., Vijay-Shanker K. Beyond the clause: extraction of phosphorylation information from medline abstracts //Bioinformatics. – 2005. – Т. 21. – №. suppl 1. – С. I319-i327.
@article{narayanaswamy2005beyond,
  title={Beyond the clause: extraction of phosphorylation information from medline abstracts},
  author={Narayanaswamy, Meenakshi and Ravikumar, KE and Vijay-Shanker, K},
  journal={Bioinformatics},
  volume={21},
  number={suppl 1},
  pages={i319--i327},
  year={2005},
  publisher={Oxford Univ Press}
}
[Özgür 2010] Özgür A. et al. Literature-Based Discovery of IFN-𝛾 and Vaccine-Mediated Gene Interaction Networks //BioMed Research International. – 2010. – Т. 2010.
@article{ozgur2010literature,
  title={Literature-Based Discovery of IFN-𝛾 and Vaccine-Mediated Gene Interaction Networks},
  author={{\"O}zg{\"u}r, Arzucan and Xiang, Zuoshuang and Radev, Dragomir R and He, Yongqun},
  journal={BioMed Research International},
  volume={2010},
  year={2010},
  publisher={Hindawi Publishing Corporation}
}
[Jelier 2007] Jelier R. et al. Text-derived concept profiles support assessment of DNA microarray data for acute myeloid leukemia and for androgen receptor stimulation //BMC bioinformatics. – 2007. – Т. 8. – №. 1. – С. 14.
@article{jelier2007text,
  title={Text-derived concept profiles support assessment of DNA microarray data for acute myeloid leukemia and for androgen receptor stimulation},
  author={Jelier, Rob and Jenster, Guido and Dorssers, Lambert CJ and Wouters, Bas J and Hendriksen, Peter JM and Mons, Barend and Delwel, Ruud and Kors, Jan A},
  journal={BMC bioinformatics},
  volume={8},
  number={1},
  pages={1},
  year={2007},
  publisher={BioMed Central}
}
[Yang 2009] Yang Y., Adelstein S. J., Kassis A. I. Target discovery from data mining approaches //Drug discovery today. – 2009. – Т. 14. – №. 3. – С. 147-154.
@article{yang2009target,
  title={Target discovery from data mining approaches},
  author={Yang, Yongliang and Adelstein, S James and Kassis, Amin I},
  journal={Drug discovery today},
  volume={14},
  number={3},
  pages={147--154},
  year={2009},
  publisher={Elsevier}
}
[Scott 2013] Scott K. P. et al. The influence of diet on the gut microbiota //Pharmacological research. – 2013. – Т. 69. – №. 1. – С. 52-60.
@article{scott2013influence,
  title={The influence of diet on the gut microbiota},
  author={Scott, Karen P and Gratz, Silvia W and Sheridan, Paul O and Flint, Harry J and Duncan, Sylvia H},
  journal={Pharmacological research},
  volume={69},
  number={1},
  pages={52--60},
  year={2013},
  publisher={Elsevier}
}
[Ritari 2015] Ritari J. et al. Improved taxonomic assignment of human intestinal 16S rRNA sequences by a dedicated reference database //BMC genomics. – 2015. – Т. 16. – №. 1. – С. 1056.
@article{ritari2015improved,
  title={Improved taxonomic assignment of human intestinal 16S rRNA sequences by a dedicated reference database},
  author={Ritari, Jarmo and Saloj{\"a}rvi, Jarkko and Lahti, Leo and de Vos, Willem M},
  journal={BMC genomics},
  volume={16},
  number={1},
  pages={1056},
  year={2015},
  publisher={BioMed Central Ltd}
}
[Schriml 2012] Schriml L. M. et al. Disease Ontology: a backbone for disease semantic integration //Nucleic acids research. – 2012. – Т. 40. – №. D1. – С. D940-D946.

[Fundel 2007] Fundel K., Küffner R., Zimmer R. RelEx—Relation extraction using dependency parse trees //Bioinformatics. – 2007. – Т. 23. – №. 3. – С. 365-371.

[Bravo 2015] Bravo À. et al. Extraction of relations between genes and diseases from text and large-scale data analysis: implications for translational research //BMC bioinformatics. – 2015. – Т. 16. – №. 1. – С. 1.

[Björne 2009] Björne J. et al. Extracting complex biological events with rich graph-based feature sets //Proceedings of the Workshop on Current Trends in Biomedical Natural Language Processing: Shared Task. – Association for Computational Linguistics, 2009. – С. 10-18.

[Björne 2013] Björne J., Salakoski T. TEES 2.1: Automated annotation scheme learning in the BioNLP 2013 Shared Task //Proceedings of the BioNLP Shared Task 2013 Workshop. – 2013. – С. 16-25.

[Kilicoglu 2009] Kilicoglu H., Bergler S. Syntactic dependency based heuristics for biological event extraction //Proceedings of the Workshop on Current Trends in Biomedical Natural Language Processing: Shared Task. – Association for Computational Linguistics, 2009. – С. 119-127.

[Miwa 2010] Miwa M. et al. Event extraction with complex event classification using rich features //Journal of bioinformatics and computational biology. – 2010. – Т. 8. – №. 01. – С. 131-146.

[Miwa 2012] Miwa M., Thompson P., Ananiadou S. Boosting automatic event extraction from the literature using domain adaptation and coreference resolution //Bioinformatics. – 2012. – Т. 28. – №. 13. – С. 1759-1765.

[Hunter 2006] Hunter L., Cohen K. B. Biomedical language processing: what's beyond PubMed? //Molecular cell. – 2006. – Т. 21. – №. 5. – С. 589-594.

[Drǎghici 2003] Drǎghici S. et al. Global functional profiling of gene expression //Genomics. – 2003. – Т. 81. – №. 2. – С. 98-104.

[Delfs 2005] Delfs R. et al. GoPubMed: ontology-based literature search applied to Gene Ontology and PubMed //German Conference on Bioinformatics. – 2004. – Т. 169. – С. 178.

[Doms 2005] Doms A., Schroeder M. GoPubMed: exploring PubMed with the gene ontology //Nucleic acids research. – 2005. – Т. 33. – №. suppl 2. – С. W783-W786.

[Dietze 2009] Dietze H., Schroeder M. GoWeb: a semantic search engine for the life science web //BMC bioinformatics. – 2009. – Т. 10. – №. 10. – С. 1.

[Müller 2004] Müller H. M., Kenny E. E., Sternberg P. W. Textpresso: an ontology-based information retrieval and extraction system for biological literature //PLoS Biol. – 2004. – Т. 2. – №. 11. – С. e309.

[Hoffmann 2005] Hoffmann R., Valencia A. Implementing the iHOP concept for navigation of biomedical literature //Bioinformatics. – 2005. – Т. 21. – №. suppl 2. – С. ii252-ii258.

[Ju 2011] Ju Z., Wang J., Zhu F. Named entity recognition from biomedical text using SVM //Bioinformatics and Biomedical Engineering,(iCBBE) 2011 5th International Conference on. – IEEE, 2011. – С. 1-4.

[Mitsumori 2005] Mitsumori T. et al. Gene/protein name recognition based on support vector machine using dictionary as features //BMC bioinformatics. – 2005. – Т. 6. – №. 1. – С. 1.

[Finkel 2004] Finkel J. et al. Exploiting context for biomedical entity recognition: from syntax to the web //Proceedings of the International Joint Workshop on Natural Language Processing in Biomedicine and its Applications. – Association for Computational Linguistics, 2004. – С. 88-91.

[Settles 2004] Settles B. Biomedical named entity recognition using conditional random fields and rich feature sets //Proceedings of the International Joint Workshop on Natural Language Processing in Biomedicine and its Applications. – Association for Computational Linguistics, 2004. – С. 104-107.

[Yang 2010a]Yang L., Zhou Y. Two-phase biomedical named entity recognition based on semi-CRFs //Bio-Inspired Computing: Theories and Applications (BIC-TA), 2010 IEEE Fifth International Conference on. – IEEE, 2010. – С. 1061-1065.

[Chan 2007] Chan S. K., Lam W. Efficient Methods for Biomedical Named Entity Recognition //Bioinformatics and Bioengineering, 2007. BIBE 2007. Proceedings of the 7th IEEE International Conference on. – IEEE, 2007. – С. 729-735.

[Tsuruoka 2003] Tsuruoka Y., Tsujii J. Boosting precision and recall of dictionary-based protein name recognition //Proceedings of the ACL 2003 workshop on Natural language processing in biomedicine-Volume 13. – Association for Computational Linguistics, 2003. – С. 41-48.

[Cohen 2004] Cohen W. W., Sarawagi S. Exploiting dictionaries in named entity extraction: combining semi-markov extraction processes and data integration methods //Proceedings of the tenth ACM SIGKDD international conference on Knowledge discovery and data mining. – ACM, 2004. – С. 89-98.

[Sender 2016] Sender R., Fuchs S., Milo R. Revised estimates for the number of human and bacteria cells in the body //bioRxiv. – 2016. – С. 036103.

[Gebbers 1988] Gebbers J. O., Laissue J. A. Immunologic structures and functions of the gut //Schweizer Archiv fur Tierheilkunde. – 1988. – Т. 131. – №. 5. – С. 221-238.

[Ley 2006] Ley R. E., Peterson D. A., Gordon J. I. Ecological and evolutionary forces shaping microbial diversity in the human intestine //Cell. – 2006. – Т. 124. – №. 4. – С. 837-848.

[Wallace 2011] Wallace T. C. et al. Human gut microbiota and its relationship to health and disease //Nutrition Reviews. – 2011. – Т. 69. – №. 7. – С. 392-403.

[Walker 2011] Walker A. W. et al. Dominant and diet-responsive groups of bacteria within the human colonic microbiota //The ISME journal. – 2011. – Т. 5. – №. 2. – С. 220-230.

[Flint 2007] Flint H. J. et al. Interactions and competition within the microbial community of the human colon: links between diet and health //Environmental microbiology. – 2007. – Т. 9. – №. 5. – С. 1101-1111.

[Scott 2008] Scott K. P., Duncan S. H., Flint H. J. Dietary fibre and the gut microbiota //Nutrition Bulletin. – 2008. – Т. 33. – №. 3. – С. 201-211.

[Russell 2008] Russell W. R. et al. Anti-inflammatory implications of the microbial transformation of dietary phenolic compounds //Nutrition and cancer. – 2008. – Т. 60. – №. 5. – С. 636-642.

[Derrien 2004] Derrien M. et al. Akkermansia muciniphila gen. nov., sp. nov., a human intestinal mucin-degrading bacterium //International journal of systematic and evolutionary microbiology. – 2004. – Т. 54. – №. 5. – С. 1469-1476.

[De Palma 2010] De Palma G. et al. Intestinal dysbiosis and reduced immunoglobulin-coated bacteria associated with coeliac disease in children //BMC microbiology. – 2010. – Т. 10. – №. 1. – С. 1.

[Larsen 2010] Larsen N. et al. Gut microbiota in human adults with type 2 diabetes differs from non-diabetic adults //PloS one. – 2010. – Т. 5. – №. 2. – С. e9085.

[Turnbaugh 2009] Turnbaugh P. J. et al. A core gut microbiome in obese and lean twins //nature. – 2009. – Т. 457. – №. 7228. – С. 480-484.

[Tannock 2008] Tannock G. W. Molecular analysis of the intestinal microflora in IBD //Mucosal immunology. – 2008. – Т. 1. – С. S15-S18.

[Swidsinski 2008] Swidsinski A. et al. Biostructure of fecal microbiota in healthy subjects and patients with chronic idiopathic diarrhea //Gastroenterology. – 2008. – Т. 135. – №. 2. – С. 568-579. E2.

[Tanaka 2009] Tanaka S, Kobayashi T, Songjinda P, Tateyama A, Tsubouchi M, Kiyohara C, Shirakawa T, Sonomoto K, Nakayama J. Influ- ence of antibiotic exposure in the early postnatal period on the development of intestinal microbiota. FEMS Immunol Med Micro- biol 56: 80 – 87, 2009.

[Lofmark 2006] Lofmark S, Jernberg C, Jansson JK, Edlund C. Clindamycininduced enrichment and long-term persistence of resistant Bacteroides spp. and resistance genes. J Antimicrob Chemother 58: 1160 –1167, 2006.

[De La Cochetiere 2008] De La Cochetiere MF, Durand T, Lalande V, Petit JC, Potel G, Beaugerie L. Effect of antibiotic therapy on human fecal microbiota and the relation to the development of Clostridium difficile. Microb Ecol 56: 395– 402, 2008.

[McFarland 2008] McFarland LV. Antibiotic-associated diarrhea: epidemiology, trends and treatment. Future Microbiol 3: 563–578, 2008.

[Pham 2008] Pham M., Lemberg D. A., Day A. S. Probiotics: sorting the evidence from the myths //Medical Journal of Australia. – 2008. – Т. 188. – №. 5. – С. 304.

[Costello 2009] Costello E. K. et al. Bacterial community variation in human body habitats across space and time //Science. – 2009. – Т. 326. – №. 5960. – С. 1694-1697.

[Zoetendal 1998] Zoetendal E. G., Akkermans A. D. L., De Vos W. M. Temperature gradient gel electrophoresis analysis of 16S rRNA from human fecal samples reveals stable and host-specific communities of active bacteria //Applied and environmental microbiology. – 1998. – Т. 64. – №. 10. – С. 3854-3859.

[Martínez 2010] Martínez I. et al. Resistant starches types 2 and 4 have differential effects on the composition of the fecal microbiota in human subjects //PloS one. – 2010. – Т. 5. – №. 11. – С. e15046.

[Russell 2011] Russell W. R. et al. High-protein, reduced-carbohydrate weight-loss diets promote metabolite profiles likely to be detrimental to colonic health //The American journal of clinical nutrition. – 2011. – Т. 93. – №. 5. – С. 1062-1072.

[Cucerzan 2007] Cucerzan S. Large-Scale Named Entity Disambiguation Based on Wikipedia Data //EMNLP-CoNLL. – 2007. – Т. 7. – С. 708-716.

[Bunescu 2006] Bunescu R. C., Pasca M. Using Encyclopedic Knowledge for Named entity Disambiguation //EACL. – 2006. – Т. 6. – С. 9-16.

[Dredze 2010] Dredze M. et al. Entity disambiguation for knowledge base population //Proceedings of the 23rd International Conference on Computational Linguistics. – Association for Computational Linguistics, 2010. – С. 277-285.

[Brigidi 2001] Brigidi P. et al. Effects of probiotic administration upon the composition and enzymatic activity of human fecal microbiota in patients with irritable bowel syndrome or functional diarrhea //Research in Microbiology. – 2001. – Т. 152. – №. 8. – С. 735-741.

[Liévin-Le Moal 2014] Liévin-Le Moal V., Servin A. L. Anti-infective activities of lactobacillus strains in the human intestinal microbiota: from probiotics to gastrointestinal anti-infectious biotherapeutic agents //Clinical microbiology reviews. – 2014. – Т. 27. – №. 2. – С. 167-199.

[He 2008] He T. et al. Effects of yogurt and bifidobacteria supplementation on the colonic microbiota in lactose‐intolerant subjects //Journal of Applied Microbiology. – 2008. – Т. 104. – №. 2. – С. 595-604.

[Norman 2008] Norman K., Pirlich M. Gastrointestinal tract in liver disease: which organ is sick? //Current Opinion in Clinical Nutrition & Metabolic Care. – 2008. – Т. 11. – №. 5. – С. 613-619.

[Gill 2002] Gill C. I. R., Rowland I. R. Diet and cancer: assessing the risk //British journal of nutrition. – 2002. – Т. 88. – №. S1. – С. s73-s87.

[Longstreth 2006] Longstreth G. F. et al. Functional bowel disorders //Gastroenterology. – 2006. – Т. 130. – №. 5. – С. 1480-1491.

[Kim 2001] Kim S. W. et al. Pseudomonas aeruginosa as a potential cause of antibiotic-associated diarrhea //Journal of Korean medical science. – 2001. – Т. 16. – №. 6. – С. 742.

[Kelly 1994] Kelly C. P., Pothoulakis C., LaMont J. T. Clostridium difficile colitis //New England Journal of Medicine. – 1994. – Т. 330. – №. 4. – С. 257-262.

[Stecher 2011] Stecher B., Hardt W. D. Mechanisms controlling pathogen colonization of the gut //Current opinion in microbiology. – 2011. – Т. 14. – №. 1. – С. 82-91.

[Renz 2012] Renz H., Brandtzaeg P., Hornef M. The impact of perinatal immune development on mucosal homeostasis and chronic inflammation //Nature Reviews Immunology. – 2012. – Т. 12. – №. 1. – С. 9-23.

[Smith 2007] Smith K., McCoy K. D., Macpherson A. J. Use of axenic animals in studying the adaptation of mammals to their commensal intestinal microbiota //Seminars in immunology. – Academic Press, 2007. – Т. 19. – №. 2. – С. 59-69.

[Jamieson 2012] Jamieson D. G. et al. Towards semi-automated curation: using text mining to recreate the HIV-1, human protein interaction database //Database. – 2012. – Т. 2012. – С. bas023.
