[Chen_2014] Chen D., Manning C. D. A Fast and Accurate Dependency Parser using Neural Networks //EMNLP. – 2014. – С. 740-750.
@inproceedings{Chen_2014,
  title={A Fast and Accurate Dependency Parser using Neural Networks.},
  author={Chen, Danqi and Manning, Christopher D},
  booktitle={EMNLP},
  pages={740--750},
  year={2014}
}

[Bird_2009] Bird S., Klein E., Loper E. Natural language processing with Python. – " O'Reilly Media, Inc.", 2009.
@book{Bird_2009,
  title={Natural language processing with Python},
  author={Bird, Steven and Klein, Ewan and Loper, Edward},
  year={2009},
  publisher={" O'Reilly Media, Inc."}
}

[Aggarwal_2012] Aggarwal C. C., Zhai C. X. Mining text data. – Springer Science & Business Media, 2012.
@book{Aggarwal_2012,
  title={Mining text data},
  author={Aggarwal, Charu C and Zhai, ChengXiang},
  year={2012},
  publisher={Springer Science \& Business Media}
}

[Ananiadou_2014] Ananiadou S. et al. Event-based text mining for biology and functional genomics //Briefings in functional genomics. – 2014. – С. elu015.
@article{Ananiadou_2014,
  title={Event-based text mining for biology and functional genomics},
  author={Ananiadou, Sophia and Thompson, Paul and Nawaz, Raheel and McNaught, John and Kell, Douglas B},
  journal={Briefings in functional genomics},
  pages={elu015},
  year={2014},
  publisher={Oxford University Press}
}

[Bach_2007] Bach N., Badaskar S. A review of relation extraction //Literature review for Language and Statistics II. – 2007.
@article{Bach_2007,
  title={A review of relation extraction},
  author={Bach, Nguyen and Badaskar, Sameer},
  journal={Literature review for Language and Statistics II},
  year={2007}
}

[Faro_2012] Faro A., Giordano D., Spampinato C. Combining literature text mining with microarray data: advances for system biology modeling //Briefings in bioinformatics. – 2012. – Т. 13. – №. 1. – С. 61-82.
@article{Faro_2012,
  title={Combining literature text mining with microarray data: advances for system biology modeling},
  author={Faro, Alberto and Giordano, Daniela and Spampinato, Concetto},
  journal={Briefings in bioinformatics},
  pages={bbr018},
  year={2011},
  publisher={Oxford Univ Press}
}

[Fleuren_2015] Fleuren W. W. M., Alkema W. Application of text mining in the biomedical domain //Methods. – 2015. – Т. 74. – С. 97-106.
@article{Fleuren_2015,
  title={Application of text mining in the biomedical domain},
  author={Fleuren, Wilco WM and Alkema, Wynand},
  journal={Methods},
  volume={74},
  pages={97--106},
  year={2015},
  publisher={Elsevier}
}

[Fukuda_1998] Fukuda K. et al. Toward information extraction: identifying protein names from biological papers //Pac Symp Biocomput. – 1998. – Т. 707. – №. 18. – С. 707-718.
@inproceedings{Fukuda_1998,
  title={Toward information extraction: identifying protein names from biological papers},
  author={Fukuda, Ken-ichiro and Tsunoda, Tatsuhiko and Tamura, Ayuchi and Takagi, Toshihisa and others},
  booktitle={Pac symp biocomput},
  volume={707},
  number={18},
  pages={707--718},
  year={1998},
  organization={Citeseer}
}

[Hanisch_2005] Hanisch D. et al. ProMiner: rule-based protein and gene entity recognition //BMC bioinformatics. – 2005. – Т. 6. – №. 1. – С. 1.
@article{Hanisch_2005,
  title={ProMiner: rule-based protein and gene entity recognition},
  author={Hanisch, Daniel and Fundel, Katrin and Mevissen, Heinz-Theodor and Zimmer, Ralf and Fluck, Juliane},
  journal={BMC bioinformatics},
  volume={6},
  number={Suppl 1},
  pages={S14},
  year={2005},
  publisher={BioMed Central Ltd}
}

[He_2009] He M., Wang Y., Li W. PPI finder: a mining tool for human protein-protein interactions //PloS one. – 2009. – Т. 4. – №. 2. – С. e4554.
@article{He_2009,
  title={PPI finder: a mining tool for human protein-protein interactions},
  author={He, Min and Wang, Yi and Li, Wei},
  journal={PloS one},
  volume={4},
  number={2},
  pages={e4554},
  year={2009},
  publisher={Public Library of Science}
}

[Krallinger_2005] Krallinger M., Erhardt R. A. A., Valencia A. Text-mining approaches in molecular biology and biomedicine //Drug discovery today. – 2005. – Т. 10. – №. 6. – С. 439-445.
@article{Krallinger_2005,
  title={Text-mining approaches in molecular biology and biomedicine},
  author={Krallinger, Martin and Erhardt, Ramon Alonso-Allende and Valencia, Alfonso},
  journal={Drug discovery today},
  volume={10},
  number={6},
  pages={439--445},
  year={2005},
  publisher={Elsevier}
}

[Krauthammer_2000] Krauthammer M. et al. Using BLAST for identifying gene and protein names in journal articles //Gene. – 2000. – Т. 259. – №. 1. – С. 245-252.
@article{Krauthammer_2000,
  title={Using BLAST for identifying gene and protein names in journal articles},
  author={Krauthammer, Michael and Rzhetsky, Andrey and Morozov, Pavel and Friedman, Carol},
  journal={Gene},
  volume={259},
  number={1},
  pages={245--252},
  year={2000},
  publisher={Elsevier}
}

[Munkhdalai_2012] Munkhdalai T. et al. Bio named entity recognition based on co-training algorithm //Advanced Information Networking and Applications Workshops (WAINA), 2012 26th International Conference on. – IEEE, 2012. – С. 857-862.
@inproceedings{Munkhdalai_2012,
  title={Bio named entity recognition based on co-training algorithm},
  author={Munkhdalai, Tsendsuren and Li, Meijing and Kim, Taewook and Namsrai, Oyun-Erdene and Jeong, Seon-phil and Shin, Jungpil and Ryu, Keun Ho},
  booktitle={Advanced Information Networking and Applications Workshops (WAINA), 2012 26th International Conference on},
  pages={857--862},
  year={2012},
  organization={IEEE}
}

[Névéol_2010] Névéol A., Lu Z. Automatic integration of drug indications from multiple health resources //Proceedings of the 1st ACM international health informatics symposium. – ACM, 2010. – С. 666-673.
@inproceedings{Neveol_2010,
  title={Automatic integration of drug indications from multiple health resources},
  author={N{\'e}v{\'e}ol, Aur{\'e}lie and Lu, Zhiyong},
  booktitle={Proceedings of the 1st ACM international health informatics symposium},
  pages={666--673},
  year={2010},
  organization={ACM}
}

[Rebholz-Schuhmann_2012] Rebholz-Schuhmann D., Oellrich A., Hoehndorf R. Text-mining solutions for biomedical research: enabling integrative biology //Nature Reviews Genetics. – 2012. – Т. 13. – №. 12. – С. 829-839.
@article{Rebholz-Schuhmann_2012,
  title={Text-mining solutions for biomedical research: enabling integrative biology},
  author={Rebholz-Schuhmann, Dietrich and Oellrich, Anika and Hoehndorf, Robert},
  journal={Nature Reviews Genetics},
  volume={13},
  number={12},
  pages={829--839},
  year={2012},
  publisher={Nature Publishing Group}
}

[Simpson_2012] Simpson M. S., Demner-Fushman D. Biomedical text mining: A survey of recent progress //Mining Text Data. – Springer US, 2012. – С. 465-517.
@incollection{Simpson_2012,
  title={Biomedical text mining: A survey of recent progress},
  author={Simpson, Matthew S and Demner-Fushman, Dina},
  booktitle={Mining text data},
  pages={465--517},
  year={2012},
  publisher={Springer}
}

[Song_2015] Song M. et al. PKDE4J: Entity and relation extraction for public knowledge discovery //Journal of biomedical informatics. – 2015. – Т. 57. – С. 320-332.
@article{Song_2015,
  title={PKDE4J: Entity and relation extraction for public knowledge discovery},
  author={Song, Min and Kim, Won Chul and Lee, Dahee and Heo, Go Eun and Kang, Keun Young},
  journal={Journal of biomedical informatics},
  volume={57},
  pages={320--332},
  year={2015},
  publisher={Elsevier}
}

[Tsuruoka_2004] Tsuruoka Y., Tsujii J. Improving the performance of dictionary-based approaches in protein name recognition //Journal of biomedical informatics. – 2004. – Т. 37. – №. 6. – С. 461-470.
@article{Tsuruoka_2004,
  title={Improving the performance of dictionary-based approaches in protein name recognition},
  author={Tsuruoka, Yoshimasa and Tsujii, Jun’ichi},
  journal={Journal of biomedical informatics},
  volume={37},
  number={6},
  pages={461--470},
  year={2004},
  publisher={Elsevier}
}

[Zhou_2008] Zhou D., He Y. Extracting interactions between proteins from the literature //Journal of biomedical informatics. – 2008. – Т. 41. – №. 2. – С. 393-407.
@article{Zhou_2008,
  title={Extracting interactions between proteins from the literature},
  author={Zhou, Deyu and He, Yulan},
  journal={Journal of biomedical informatics},
  volume={41},
  number={2},
  pages={393--407},
  year={2008},
  publisher={Elsevier}
}

[Zhou_2014] Zhou D., Zhong D., He Y. Biomedical relation extraction: From binary to complex //Computational and mathematical methods in medicine. – 2014. – Т. 2014.
@article{Zhou_2014,
  title={Biomedical relation extraction: from binary to complex},
  author={Zhou, Deyu and Zhong, Dayou and He, Yulan},
  journal={Computational and mathematical methods in medicine},
  volume={2014},
  year={2014},
  publisher={Hindawi Publishing Corporation}
}

[Zhu_2013] Zhu F. et al. Biomedical text mining and its applications in cancer research //Journal of biomedical informatics. – 2013. – Т. 46. – №. 2. – С. 200-211.
@article{Zhu_2013,
  title={Biomedical text mining and its applications in cancer research},
  author={Zhu, Fei and Patumcharoenpol, Preecha and Zhang, Cheng and Yang, Yang and Chan, Jonathan and Meechai, Asawin and Vongsangnak, Wanwipa and Shen, Bairong},
  journal={Journal of biomedical informatics},
  volume={46},
  number={2},
  pages={200--211},
  year={2013},
  publisher={Elsevier}
}

[Zweigenbaum_2007] Zweigenbaum P. et al. Frontiers of biomedical text mining: current progress //Briefings in bioinformatics. – 2007. – Т. 8. – №. 5. – С. 358-375.
@article{Zweigenbaum_2007,
  title={Frontiers of biomedical text mining: current progress},
  author={Zweigenbaum, Pierre and Demner-Fushman, Dina and Yu, Hong and Cohen, Kevin B},
  journal={Briefings in bioinformatics},
  volume={8},
  number={5},
  pages={358--375},
  year={2007},
  publisher={Oxford Univ Press}
}

[Raja_2013] Raja, K., Subramani, S., & Natarajan, J. (2013). PPInterFinder—a mining tool for extracting causal relations on human proteins from literature. Database, 2013, bas052.
@article{Raja_2013,
  title={PPInterFinder—a mining tool for extracting causal relations on human proteins from literature},
  author={Raja, Kalpana and Subramani, Suresh and Natarajan, Jeyakumar},
  journal={Database},
  volume={2013},
  pages={bas052},
  year={2013},
  publisher={Oxford University Press}
}

[Proux_2000] Proux, D., Rechenmann, F., & Julliard, L. (2000, August). A pragmatic information extraction strategy for gathering data on genetic interactions. In ISMB (Vol. 8, pp. 279-285).
@inproceedings{Proux_2000,
  title={A pragmatic information extraction strategy for gathering data on genetic interactions.},
  author={Proux, Denys and Rechenmann, Fran{\c{c}}ois and Julliard, Laurent and others},
  booktitle={ISMB},
  volume={8},
  pages={279--285},
  year={2000}
}

[Rastier_2002] Rastier, F., Cavazza, M., & Abeillé, A. (2002). Semantics for descriptions: From linguistics to computer science (No. 138). Stanford Univ Center for the Study.
@book{Rastier_2002,
  title={Semantics for descriptions: From linguistics to computer science},
  author={Rastier, Fran{\c{c}}ois and Cavazza, Marc and Abeill{\'e}, Anne},
  number={138},
  year={2002},
  publisher={Stanford Univ Center for the Study}
}

[Clegg_2007] Clegg, A. B., & Shepherd, A. J. (2007). Benchmarking natural-language parsers for biological applications using dependency graphs. BMC bioinformatics, 8(1), 1.
@article{Clegg_2007,
  title={Benchmarking natural-language parsers for biological applications using dependency graphs},
  author={Clegg, Andrew B and Shepherd, Adrian J},
  journal={BMC bioinformatics},
  volume={8},
  number={1},
  pages={1},
  year={2007},
  publisher={BioMed Central}
}

[Miwa_2009] Miwa M. et al. A rich feature vector for protein-protein interaction extraction from multiple corpora //Proceedings of the 2009 Conference on Empirical Methods in Natural Language Processing: Volume 1-Volume 1. – Association for Computational Linguistics, 2009. – С. 121-130.
@inproceedings{Miwa_2009,
  title={A rich feature vector for protein-protein interaction extraction from multiple corpora},
  author={Miwa, Makoto and S{\ae}tre, Rune and Miyao, Yusuke and Tsujii, Jun'ichi},
  booktitle={Proceedings of the 2009 Conference on Empirical Methods in Natural Language Processing: Volume 1-Volume 1},
  pages={121--130},
  year={2009},
  organization={Association for Computational Linguistics}
}

[Lodhi_2002] Lodhi H. et al. Text classification using string kernels //The Journal of Machine Learning Research. – 2002. – Т. 2. – С. 419-444.
@article{Lodhi_2002,
  title={Text classification using string kernels},
  author={Lodhi, Huma and Saunders, Craig and Shawe-Taylor, John and Cristianini, Nello and Watkins, Chris},
  journal={Journal of Machine Learning Research},
  volume={2},
  number={Feb},
  pages={419--444},
  year={2002}
}

[Mooney_2005] Mooney R. J., Bunescu R. C. Subsequence kernels for relation extraction //Advances in neural information processing systems. – 2005. – С. 171-178.
@inproceedings{Mooney_2005,
  title={Subsequence kernels for relation extraction},
  author={Mooney, Raymond J and Bunescu, Razvan C},
  booktitle={Advances in neural information processing systems},
  pages={171--178},
  year={2005}
}

[Moschitti_2006] Moschitti A. Making Tree Kernels Practical for Natural Language Learning //EACL. – 2006. – Т. 113. – №. 120. – С. 24.
@inproceedings{Moschitti_2006,
  title={Making Tree Kernels Practical for Natural Language Learning.},
  author={Moschitti, Alessandro},
  booktitle={EACL},
  volume={113},
  number={120},
  pages={24},
  year={2006}
}

[Bunescu_2005] Bunescu R. C., Mooney R. J. A shortest path dependency kernel for relation extraction //Proceedings of the conference on human language technology and empirical methods in natural language processing. – Association for Computational Linguistics, 2005. – С. 724-731.
@inproceedings{Bunescu_2005,
  title={A shortest path dependency kernel for relation extraction},
  author={Bunescu, Razvan C and Mooney, Raymond J},
  booktitle={Proceedings of the conference on human language technology and empirical methods in natural language processing},
  pages={724--731},
  year={2005},
  organization={Association for Computational Linguistics}
}

[Airola_2008] Airola A. et al. A graph kernel for protein-protein interaction extraction //Proceedings of the workshop on current trends in biomedical natural language processing. – Association for Computational Linguistics, 2008. – С. 1-9.
@inproceedings{Airola_2008,
  title={A graph kernel for protein-protein interaction extraction},
  author={Airola, Antti and Pyysalo, Sampo and Bj{\"o}rne, Jari and Pahikkala, Tapio and Ginter, Filip and Salakoski, Tapio},
  booktitle={Proceedings of the workshop on current trends in biomedical natural language processing},
  pages={1--9},
  year={2008},
  organization={Association for Computational Linguistics}
}

[Miwa_2008] Miwa M. et al. Combining multiple layers of syntactic information for protein-protein interaction extraction //Proceedings of the Third International Symposium on Semantic Mining in Biomedicine. – 2008. – С. 101-108.
@inproceedings{Miwa_2008,
  title={Combining multiple layers of syntactic information for protein-protein interaction extraction},
  author={Miwa, Makoto and S{\ae}tre, Rune and Miyao, Yusuke and Ohta, Tomoko and Tsujii, Jun’ichi},
  booktitle={Proceedings of the third international symposium on semantic mining in biomedicine},
  pages={101--108},
  year={2008}
}

[Kim_2003] Kim J. D. et al. GENIA corpus—a semantically annotated corpus for bio-textmining //Bioinformatics. – 2003. – Т. 19. – №. suppl 1. – С. I180-i182.
@article{Kim_2003,
  title={GENIA corpus—a semantically annotated corpus for bio-textmining},
  author={Kim, J-D and Ohta, Tomoko and Tateisi, Yuka and Tsujii, Jun’ichi},
  journal={Bioinformatics},
  volume={19},
  number={suppl 1},
  pages={i180--i182},
  year={2003},
  publisher={Oxford Univ Press}
}

[Hirschman_2005] Hirschman L. et al. Overview of BioCreAtIvE: critical assessment of information extraction for biology //BMC bioinformatics. – 2005. – Т. 6. – №. Suppl 1. – С. S1.
@article{Hirschman_2005,
  title={Overview of BioCreAtIvE: critical assessment of information extraction for biology},
  author={Hirschman, Lynette and Yeh, Alexander and Blaschke, Christian and Valencia, Alfonso},
  journal={BMC bioinformatics},
  volume={6},
  number={1},
  pages={1},
  year={2005},
  publisher={BioMed Central}
}

[Krallinger_2008] Krallinger M. et al. Evaluation of text-mining systems for biology: overview of the Second BioCreative community challenge //Genome biology. – 2008. – Т. 9. – №. Suppl 2. – С. 1-9.
@article{Krallinger_2008,
  title={Evaluation of text-mining systems for biology: overview of the Second BioCreative community challenge},
  author={Krallinger, Martin and Morgan, Alexander and Smith, Larry and Leitner, Florian and Tanabe, Lorraine and Wilbur, John and Hirschman, Lynette and Valencia, Alfonso},
  journal={Genome biology},
  volume={9},
  number={2},
  pages={1},
  year={2008},
  publisher={BioMed Central}
}

[Leitner_2010] Leitner F. et al. An overview of BioCreative II. 5 //Computational Biology and Bioinformatics, IEEE/ACM Transactions on. – 2010. – Т. 7. – №. 3. – С. 385-399.
@article{Leitner_2010,
  title={An overview of BioCreative II. 5},
  author={Leitner, Florian and Mardis, Scott A and Krallinger, Martin and Cesareni, Gianni and Hirschman, Lynette A and Valencia, Alfonso},
  journal={IEEE/ACM Transactions on Computational Biology and Bioinformatics},
  volume={7},
  number={3},
  pages={385--399},
  year={2010},
  publisher={IEEE}
}

[Arighi_2011] Arighi C. N. et al. Overview of the BioCreative III workshop //BMC bioinformatics. – 2011. – Т. 12. – №. 8. – С. 1.
@article{Arighi_2011,
  title={Overview of the BioCreative III workshop},
  author={Arighi, Cecilia N and Lu, Zhiyong and Krallinger, Martin and Cohen, Kevin B and Wilbur, W John and Valencia, Alfonso and Hirschman, Lynette and Wu, Cathy H},
  journal={BMC bioinformatics},
  volume={12},
  number={8},
  pages={1},
  year={2011},
  publisher={BioMed Central}
}

[Arighi_2013] Arighi C. N. et al. An overview of the BioCreative 2012 Workshop Track III: interactive text mining task //Database. – 2013. – Т. 2013. – С. Bas056.
@article{Arighi_2013,
  title={An overview of the BioCreative 2012 Workshop Track III: interactive text mining task},
  author={Arighi, Cecilia N and Carterette, Ben and Cohen, K Bretonnel and Krallinger, Martin and Wilbur, W John and Fey, Petra and Dodson, Robert and Cooper, Laurel and Van Slyke, Ceri E and Dahdul, Wasila and others},
  journal={Database},
  volume={2013},
  pages={bas056},
  year={2013},
  publisher={Oxford University Press}
}

[Chen_2008] Chen E. S. et al. Automated acquisition of disease–drug knowledge from biomedical and clinical documents: an initial study //Journal of the American Medical Informatics Association. – 2008. – Т. 15. – №. 1. – С. 87-98.
@article{Chen_2008,
  title={Automated acquisition of disease--drug knowledge from biomedical and clinical documents: an initial study},
  author={Chen, Elizabeth S and Hripcsak, George and Xu, Hua and Markatou, Marianthi and Friedman, Carol},
  journal={Journal of the American Medical Informatics Association},
  volume={15},
  number={1},
  pages={87--98},
  year={2008},
  publisher={The Oxford University Press}
}

[Srinivasan_2002] Srinivasan P., Rindflesch T. Exploring text mining from MEDLINE //Proceedings of the AMIA Symposium. – American Medical Informatics Association, 2002. – С. 722.
@inproceedings{Srinivasan_2002,
  title={Exploring text mining from MEDLINE.},
  author={Srinivasan, Padmini and Rindflesch, Thomas},
  booktitle={Proceedings of the AMIA Symposium},
  pages={722},
  year={2002},
  organization={American Medical Informatics Association}
}

[Wang_2009] Wang X. et al. Active computerized pharmacovigilance using natural language processing, statistics, and electronic health records: a feasibility study //Journal of the American Medical Informatics Association. – 2009. – Т. 16. – №. 3. – С. 328-337.
@article{Wang_2009,
  title={Active computerized pharmacovigilance using natural language processing, statistics, and electronic health records: a feasibility study},
  author={Wang, Xiaoyan and Hripcsak, George and Markatou, Marianthi and Friedman, Carol},
  journal={Journal of the American Medical Informatics Association},
  volume={16},
  number={3},
  pages={328--337},
  year={2009},
  publisher={The Oxford University Press}
}

[Swanson_1991] Swanson D. R. Complementary structures in disjoint science literatures //Proceedings of the 14th annual international ACM SIGIR conference on Research and development in information retrieval. – ACM, 1991. – С. 280-289.
@inproceedings{Swanson_1991,
  title={Complementary structures in disjoint science literatures},
  author={Swanson, Don R},
  booktitle={Proceedings of the 14th annual international ACM SIGIR conference on Research and development in information retrieval},
  pages={280--289},
  year={1991},
  organization={ACM}
}

[Swanson_1986] Swanson D. R. Fish oil, Raynaud's syndrome, and undiscovered public knowledge //Perspectives in biology and medicine. – 1986. – Т. 30. – №. 1. – С. 7-18.
@article{Swanson_1986,
  title={Fish oil, Raynaud's syndrome, and undiscovered public knowledge},
  author={Swanson, Don R},
  journal={Perspectives in biology and medicine},
  volume={30},
  number={1},
  pages={7--18},
  year={1986},
  publisher={The Johns Hopkins University Press}
}

[Ramadan_1989] Ramadan N. M. et al. Low brain magnesium in migraine //Headache: The Journal of Head and Face Pain. – 1989. – Т. 29. – №. 9. – С. 590-593.
@article{Ramadan_1989,
  title={Low brain magnesium in migraine},
  author={Ramadan, NM and Halvorson, H and Vande-Linde, A and Levine, Steven R and Helpern, JA and Welch, KMA},
  journal={Headache: The Journal of Head and Face Pain},
  volume={29},
  number={9},
  pages={590--593},
  year={1989},
  publisher={Wiley Online Library}
}

[Ferrari_1992] Ferrari M. D. Biochemistry of migraine //Pathologie-biologie. – 1992. – Т. 40. – №. 4. – С. 287-292.
@article{Ferrari_1992,
  title={Biochemistry of migraine.},
  author={Ferrari, MD},
  journal={Pathologie-biologie},
  volume={40},
  number={4},
  pages={287--292},
  year={1992}
}

[van_Haagen_2009] van Haagen H. H. et al. Novel protein-protein interactions inferred from literature context //PLoS One. – 2009. – Т. 4. – №. 11. – С. E7894.
@article{van_Haagen_2009,
  title={Novel protein-protein interactions inferred from literature context},
  author={van Haagen, Herman HHBM and AC't Hoen, Peter and Bovo, Alessandro Botelho and de Morr{\'e}e, Antoine and van Mulligen, Erik M and Chichester, Christine and Kors, Jan A and den Dunnen, Johan T and van Ommen, Gert-Jan B and van der Maarel, Silv{\`e}re M and others},
  journal={PLoS One},
  volume={4},
  number={11},
  pages={e7894},
  year={2009},
  publisher={Public Library of Science}
}

[Elkin_2009] Elkin P. L. et al. BioProspecting: novel marker discovery obtained by mining the bibleome //BMC bioinformatics. – 2009. – Т. 10. – №. 2. – С. 1.
@article{Elkin_2009,
  title={BioProspecting: novel marker discovery obtained by mining the bibleome},
  author={Elkin, Peter L and Tuttle, Mark S and Trusko, Brett E and Brown, Steven H},
  journal={BMC bioinformatics},
  volume={10},
  number={2},
  pages={1},
  year={2009},
  publisher={BioMed Central}
}

[Weeber_2003] Weeber M. et al. Generating hypotheses by discovering implicit associations in the literature: a case report of a search for new potential therapeutic uses for thalidomide //Journal of the American Medical Informatics Association. – 2003. – Т. 10. – №. 3. – С. 252-259.
@article{Weeber_2003,
  title={Generating hypotheses by discovering implicit associations in the literature: a case report of a search for new potential therapeutic uses for thalidomide},
  author={Weeber, Marc and Vos, Rein and Klein, Henny and Aronson, Alan R and Molema, Grietje and others},
  journal={Journal of the American Medical Informatics Association},
  volume={10},
  number={3},
  pages={252--259},
  year={2003},
  publisher={The Oxford University Press}
}

[Srinivasan_2004a] Srinivasan P., Libbus B. Mining MEDLINE for implicit links between dietary substances and diseases //Bioinformatics. – 2004. – Т. 20. – №. suppl 1. – С. I290-i296.
@article{Srinivasan_2004a,
  title={Mining MEDLINE for implicit links between dietary substances and diseases},
  author={Srinivasan, Padmini and Libbus, Bisharah},
  journal={Bioinformatics},
  volume={20},
  number={suppl 1},
  pages={i290--i296},
  year={2004},
  publisher={Oxford Univ Press}
}

[Srinivasan_2004b] Srinivasan P., Libbus B., Sehgal A. K. Mining medline: Postulating a beneficial role for curcumin longa in retinal diseases //Workshop BioLINK, linking biological literature, ontologies and databases at HLT NAACL. – 2004. – С. 33-40.
@inproceedings{Srinivasan_2004b,
  title={Mining medline: Postulating a beneficial role for curcumin longa in retinal diseases},
  author={Srinivasan, Padmini and Libbus, Bisharah and Sehgal, Aditya Kumar},
  booktitle={Workshop BioLINK, linking biological literature, ontologies and databases at HLT NAACL},
  pages={33--40},
  year={2004}
}

[Frijters_2010] Frijters R. et al. Literature mining for the discovery of hidden connections between drugs, genes and diseases //PLoS Comput Biol. – 2010. – Т. 6. – №. 9. – С. E1000943.
@article{Frijters_2010,
  title={Literature mining for the discovery of hidden connections between drugs, genes and diseases},
  author={Frijters, Raoul and Van Vugt, Marianne and Smeets, Ruben and Van Schaik, Ren{\'e} and De Vlieg, Jacob and Alkema, Wynand},
  journal={PLoS Comput Biol},
  volume={6},
  number={9},
  pages={e1000943},
  year={2010},
  publisher={Public Library of Science}
}

[Jelier_2008] Jelier R. et al. Anni 2.0: a multipurpose text-mining tool for the life sciences //Genome Biol. – 2008. – Т. 9. – №. 6. – С. R96.
@article{Jelier_2008,
  title={Anni 2.0: a multipurpose text-mining tool for the life sciences},
  author={Jelier, Rob and Schuemie, Martijn J and Veldhoven, Antoine and Dorssers, Lambert CJ and Jenster, Guido and Kors, Jan A},
  journal={Genome biology},
  volume={9},
  number={6},
  pages={1},
  year={2008},
  publisher={BioMed Central}
}

[Šarić_2006] Šarić J. et al. Extraction of regulatory gene/protein networks from Medline //Bioinformatics. – 2006. – Т. 22. – №. 6. – С. 645-650.
@article{Saric_2006,
  title={Extraction of regulatory gene/protein networks from Medline},
  author={{\v{S}}ari{\'c}, Jasmin and Jensen, Lars Juhl and Ouzounova, Rossitza and Rojas, Isabel and Bork, Peer},
  journal={Bioinformatics},
  volume={22},
  number={6},
  pages={645--650},
  year={2006},
  publisher={Oxford Univ Press}
}

[Yang_2010b] Yang Z., Lin H., Li Y. BioPPISVMExtractor: A protein–protein interaction extractor for biomedical literature using SVM and rich feature sets //Journal of biomedical informatics. – 2010. – Т. 43. – №. 1. – С. 88-96.
@article{Yang_2010b,
  title={BioPPISVMExtractor: A protein--protein interaction extractor for biomedical literature using SVM and rich feature sets},
  author={Yang, Zhihao and Lin, Hongfei and Li, Yanpeng},
  journal={Journal of biomedical informatics},
  volume={43},
  number={1},
  pages={88--96},
  year={2010},
  publisher={Elsevier}
}

[Narayanaswamy_2005] Narayanaswamy M., Ravikumar K. E., Vijay-Shanker K. Beyond the clause: extraction of phosphorylation information from medline abstracts //Bioinformatics. – 2005. – Т. 21. – №. suppl 1. – С. I319-i327.
@article{Narayanaswamy_2005,
  title={Beyond the clause: extraction of phosphorylation information from medline abstracts},
  author={Narayanaswamy, Meenakshi and Ravikumar, KE and Vijay-Shanker, K},
  journal={Bioinformatics},
  volume={21},
  number={suppl 1},
  pages={i319--i327},
  year={2005},
  publisher={Oxford Univ Press}
}

[Özgür_2010] Özgür A. et al. Literature-Based Discovery of IFN-𝛾 and Vaccine-Mediated Gene Interaction Networks //BioMed Research International. – 2010. – Т. 2010.
@article{Ozgur_2010,
  title={Literature-Based Discovery of IFN-gamma and Vaccine-Mediated Gene Interaction Networks},
  author={{\"O}zg{\"u}r, Arzucan and Xiang, Zuoshuang and Radev, Dragomir R and He, Yongqun},
  journal={BioMed Research International},
  volume={2010},
  year={2010},
  publisher={Hindawi Publishing Corporation}
}

[Jelier_2007] Jelier R. et al. Text-derived concept profiles support assessment of DNA microarray data for acute myeloid leukemia and for androgen receptor stimulation //BMC bioinformatics. – 2007. – Т. 8. – №. 1. – С. 14.
@article{Jelier_2007,
  title={Text-derived concept profiles support assessment of DNA microarray data for acute myeloid leukemia and for androgen receptor stimulation},
  author={Jelier, Rob and Jenster, Guido and Dorssers, Lambert CJ and Wouters, Bas J and Hendriksen, Peter JM and Mons, Barend and Delwel, Ruud and Kors, Jan A},
  journal={BMC bioinformatics},
  volume={8},
  number={1},
  pages={1},
  year={2007},
  publisher={BioMed Central}
}

[Yang_2009] Yang Y., Adelstein S. J., Kassis A. I. Target discovery from data mining approaches //Drug discovery today. – 2009. – Т. 14. – №. 3. – С. 147-154.
@article{Yang_2009,
  title={Target discovery from data mining approaches},
  author={Yang, Yongliang and Adelstein, S James and Kassis, Amin I},
  journal={Drug discovery today},
  volume={14},
  number={3},
  pages={147--154},
  year={2009},
  publisher={Elsevier}
}

[Scott_2013] Scott K. P. et al. The influence of diet on the gut microbiota //Pharmacological research. – 2013. – Т. 69. – №. 1. – С. 52-60.
@article{Scott_2013,
  title={The influence of diet on the gut microbiota},
  author={Scott, Karen P and Gratz, Silvia W and Sheridan, Paul O and Flint, Harry J and Duncan, Sylvia H},
  journal={Pharmacological research},
  volume={69},
  number={1},
  pages={52--60},
  year={2013},
  publisher={Elsevier}
}

[Ritari_2015] Ritari J. et al. Improved taxonomic assignment of human intestinal 16S rRNA sequences by a dedicated reference database //BMC genomics. – 2015. – Т. 16. – №. 1. – С. 1056.
@article{Ritari_2015,
  title={Improved taxonomic assignment of human intestinal 16S rRNA sequences by a dedicated reference database},
  author={Ritari, Jarmo and Saloj{\"a}rvi, Jarkko and Lahti, Leo and de Vos, Willem M},
  journal={BMC genomics},
  volume={16},
  number={1},
  pages={1056},
  year={2015},
  publisher={BioMed Central Ltd}
}

[Schriml_2012] Schriml L. M. et al. Disease Ontology: a backbone for disease semantic integration //Nucleic acids research. – 2012. – Т. 40. – №. D1. – С. D940-D946.
@article{Schriml_2012,
  title={Disease Ontology: a backbone for disease semantic integration},
  author={Schriml, Lynn Marie and Arze, Cesar and Nadendla, Suvarna and Chang, Yu-Wei Wayne and Mazaitis, Mark and Felix, Victor and Feng, Gang and Kibbe, Warren Alden},
  journal={Nucleic acids research},
  volume={40},
  number={D1},
  pages={D940--D946},
  year={2012},
  publisher={Oxford Univ Press}
}

[Fundel_2007] Fundel K., Küffner R., Zimmer R. RelEx—Relation extraction using dependency parse trees //Bioinformatics. – 2007. – Т. 23. – №. 3. – С. 365-371.
@article{Fundel_2007,
  title={RelEx—Relation extraction using dependency parse trees},
  author={Fundel, Katrin and K{\"u}ffner, Robert and Zimmer, Ralf},
  journal={Bioinformatics},
  volume={23},
  number={3},
  pages={365--371},
  year={2007},
  publisher={Oxford Univ Press}
}

[Bravo_2015] Bravo À. et al. Extraction of relations between genes and diseases from text and large-scale data analysis: implications for translational research //BMC bioinformatics. – 2015. – Т. 16. – №. 1. – С. 1.
@article{Bravo_2015,
  title={Extraction of relations between genes and diseases from text and large-scale data analysis: implications for translational research},
  author={Bravo, {\`A}lex and Pi{\~n}ero, Janet and Queralt-Rosinach, N{\'u}ria and Rautschka, Michael and Furlong, Laura I},
  journal={BMC bioinformatics},
  volume={16},
  number={1},
  pages={1},
  year={2015},
  publisher={BioMed Central}
}

[Björne_2009] Björne J. et al. Extracting complex biological events with rich graph-based feature sets //Proceedings of the Workshop on Current Trends in Biomedical Natural Language Processing: Shared Task. – Association for Computational Linguistics, 2009. – С. 10-18.
@inproceedings{Bjorne_2009,
  title={Extracting complex biological events with rich graph-based feature sets},
  author={Bj{\"o}rne, Jari and Heimonen, Juho and Ginter, Filip and Airola, Antti and Pahikkala, Tapio and Salakoski, Tapio},
  booktitle={Proceedings of the Workshop on Current Trends in Biomedical Natural Language Processing: Shared Task},
  pages={10--18},
  year={2009},
  organization={Association for Computational Linguistics}
}

[Björne_2013] Björne J., Salakoski T. TEES 2.1: Automated annotation scheme learning in the BioNLP 2013 Shared Task //Proceedings of the BioNLP Shared Task 2013 Workshop. – 2013. – С. 16-25.
@inproceedings{Bjorne_2013,
  title={TEES 2.1: Automated annotation scheme learning in the BioNLP 2013 Shared Task},
  author={Bj{\"o}rne, Jari and Salakoski, Tapio},
  booktitle={Proceedings of the BioNLP Shared Task 2013 Workshop},
  pages={16--25},
  year={2013}
}

[Kilicoglu_2009] Kilicoglu H., Bergler S. Syntactic dependency based heuristics for biological event extraction //Proceedings of the Workshop on Current Trends in Biomedical Natural Language Processing: Shared Task. – Association for Computational Linguistics, 2009. – С. 119-127.
@inproceedings{Kilicoglu_2009,
  title={Syntactic dependency based heuristics for biological event extraction},
  author={Kilicoglu, Halil and Bergler, Sabine},
  booktitle={Proceedings of the Workshop on Current Trends in Biomedical Natural Language Processing: Shared Task},
  pages={119--127},
  year={2009},
  organization={Association for Computational Linguistics}
}

[Miwa_2010] Miwa M. et al. Event extraction with complex event classification using rich features //Journal of bioinformatics and computational biology. – 2010. – Т. 8. – №. 01. – С. 131-146.
@article{Miwa_2010,
  title={Event extraction with complex event classification using rich features},
  author={Miwa, Makoto and S{\ae}tre, Rune and Kim, Jin-Dong and Tsujii, Jun'ichi},
  journal={Journal of bioinformatics and computational biology},
  volume={8},
  number={01},
  pages={131--146},
  year={2010},
  publisher={World Scientific}
}

[Miwa_2012] Miwa M., Thompson P., Ananiadou S. Boosting automatic event extraction from the literature using domain adaptation and coreference resolution //Bioinformatics. – 2012. – Т. 28. – №. 13. – С. 1759-1765.
@article{Miwa_2012,
  title={Boosting automatic event extraction from the literature using domain adaptation and coreference resolution},
  author={Miwa, Makoto and Thompson, Paul and Ananiadou, Sophia},
  journal={Bioinformatics},
  volume={28},
  number={13},
  pages={1759--1765},
  year={2012},
  publisher={Oxford Univ Press}
}

[Hunter_2006] Hunter L., Cohen K. B. Biomedical language processing: what's beyond PubMed? //Molecular cell. – 2006. – Т. 21. – №. 5. – С. 589-594.
@article{Hunter_2006,
  title={Biomedical language processing: what's beyond PubMed?},
  author={Hunter, Lawrence and Cohen, K Bretonnel},
  journal={Molecular cell},
  volume={21},
  number={5},
  pages={589--594},
  year={2006},
  publisher={Elsevier}
}

[Drǎghici_2003] Drǎghici S. et al. Global functional profiling of gene expression //Genomics. – 2003. – Т. 81. – №. 2. – С. 98-104.
@article{Draghici_2003,
  title={Global functional profiling of gene expression},
  author={Draghici, Sorin and Khatri, Purvesh and Martins, Rui P and Ostermeier, G Charles and Krawetz, Stephen A},
  journal={Genomics},
  volume={81},
  number={2},
  pages={98--104},
  year={2003},
  publisher={Elsevier}
}

[Delfs_2005] Delfs R. et al. GoPubMed: ontology-based literature search applied to Gene Ontology and PubMed //German Conference on Bioinformatics. – 2004. – Т. 169. – С. 178.
@inproceedings{Delfs_2005,
  title={GoPubMed: ontology-based literature search applied to Gene Ontology and PubMed.},
  author={Delfs, Ralph and Doms, Andreas and Kozlenkov, Alexander and Schroeder, Michael},
  booktitle={German Conference on Bioinformatics},
  volume={169},
  pages={178},
  year={2004},
  organization={Citeseer}
}

[Doms_2005] Doms A., Schroeder M. GoPubMed: exploring PubMed with the gene ontology //Nucleic acids research. – 2005. – Т. 33. – №. suppl 2. – С. W783-W786.
@article{Doms_2005,
  title={GoPubMed: exploring PubMed with the gene ontology},
  author={Doms, Andreas and Schroeder, Michael},
  journal={Nucleic acids research},
  volume={33},
  number={suppl 2},
  pages={W783--W786},
  year={2005},
  publisher={Oxford Univ Press}
}

[Dietze_2009] Dietze H., Schroeder M. GoWeb: a semantic search engine for the life science web //BMC bioinformatics. – 2009. – Т. 10. – №. 10. – С. 1.
@article{Dietze_2009,
  title={GoWeb: a semantic search engine for the life science web},
  author={Dietze, Heiko and Schroeder, Michael},
  journal={BMC bioinformatics},
  volume={10},
  number={10},
  pages={1},
  year={2009},
  publisher={BioMed Central}
}

[Müller_2004] Müller H. M., Kenny E. E., Sternberg P. W. Textpresso: an ontology-based information retrieval and extraction system for biological literature //PLoS Biol. – 2004. – Т. 2. – №. 11. – С. e309.
@article{Muller_2004,
  title={Textpresso: an ontology-based information retrieval and extraction system for biological literature},
  author={M{\"u}ller, Hans-Michael and Kenny, Eimear E and Sternberg, Paul W},
  journal={PLoS Biol},
  volume={2},
  number={11},
  pages={e309},
  year={2004},
  publisher={Public Library of Science}
}

[Hoffmann_2005] Hoffmann R., Valencia A. Implementing the iHOP concept for navigation of biomedical literature //Bioinformatics. – 2005. – Т. 21. – №. suppl 2. – С. ii252-ii258.
@article{Hoffmann_2005,
  title={Implementing the iHOP concept for navigation of biomedical literature},
  author={Hoffmann, Robert and Valencia, Alfonso},
  journal={Bioinformatics},
  volume={21},
  number={suppl 2},
  pages={ii252--ii258},
  year={2005},
  publisher={Oxford Univ Press}
}

[Ju_2011] Ju Z., Wang J., Zhu F. Named entity recognition from biomedical text using SVM //Bioinformatics and Biomedical Engineering,(iCBBE) 2011 5th International Conference on. – IEEE, 2011. – С. 1-4.
@inproceedings{Ju_2011,
  title={Named entity recognition from biomedical text using SVM},
  author={Ju, Zhenfei and Wang, Jian and Zhu, Fei},
  booktitle={Bioinformatics and Biomedical Engineering,(iCBBE) 2011 5th International Conference on},
  pages={1--4},
  year={2011},
  organization={IEEE}
}

[Mitsumori_2005] Mitsumori T. et al. Gene/protein name recognition based on support vector machine using dictionary as features //BMC bioinformatics. – 2005. – Т. 6. – №. 1. – С. 1.
@article{Mitsumori_2005,
  title={Gene/protein name recognition based on support vector machine using dictionary as features},
  author={Mitsumori, Tomohiro and Fation, Sevrani and Murata, Masaki and Doi, Kouichi and Doi, Hirohumi},
  journal={BMC bioinformatics},
  volume={6},
  number={1},
  pages={1},
  year={2005},
  publisher={BioMed Central}
}

[Finkel_2004] Finkel J. et al. Exploiting context for biomedical entity recognition: from syntax to the web //Proceedings of the International Joint Workshop on Natural Language Processing in Biomedicine and its Applications. – Association for Computational Linguistics, 2004. – С. 88-91.
@inproceedings{Finkel_2004,
  title={Exploiting context for biomedical entity recognition: from syntax to the web},
  author={Finkel, Jenny and Dingare, Shipra and Nguyen, Huy and Nissim, Malvina and Manning, Christopher and Sinclair, Gail},
  booktitle={Proceedings of the International Joint Workshop on Natural Language Processing in Biomedicine and its Applications},
  pages={88--91},
  year={2004},
  organization={Association for Computational Linguistics}
}

[Settles_2004] Settles B. Biomedical named entity recognition using conditional random fields and rich feature sets //Proceedings of the International Joint Workshop on Natural Language Processing in Biomedicine and its Applications. – Association for Computational Linguistics, 2004. – С. 104-107.
@inproceedings{Settles_2004,
  title={Biomedical named entity recognition using conditional random fields and rich feature sets},
  author={Settles, Burr},
  booktitle={Proceedings of the International Joint Workshop on Natural Language Processing in Biomedicine and its Applications},
  pages={104--107},
  year={2004},
  organization={Association for Computational Linguistics}
}

[Yang_2010a] Yang L., Zhou Y. Two-phase biomedical named entity recognition based on semi-CRFs //Bio-Inspired Computing: Theories and Applications (BIC-TA), 2010 IEEE Fifth International Conference on. – IEEE, 2010. – С. 1061-1065.
@inproceedings{Yang_2010a,
  title={Two-phase biomedical named entity recognition based on semi-CRFs},
  author={Yang, Li and Zhou, Yanhong},
  booktitle={Bio-Inspired Computing: Theories and Applications (BIC-TA), 2010 IEEE Fifth International Conference on},
  pages={1061--1065},
  year={2010},
  organization={IEEE}
}

[Chan_2007] Chan S. K., Lam W. Efficient Methods for Biomedical Named Entity Recognition //Bioinformatics and Bioengineering, 2007. BIBE 2007. Proceedings of the 7th IEEE International Conference on. – IEEE, 2007. – С. 729-735.
@inproceedings{Chan_2007,
  title={Efficient Methods for Biomedical Named Entity Recognition},
  author={Chan, Shing-Kit and Lam, Wai},
  booktitle={2007 IEEE 7th International Symposium on BioInformatics and BioEngineering},
  pages={729--735},
  year={2007},
  organization={IEEE}
}

[Tsuruoka_2003] Tsuruoka Y., Tsujii J. Boosting precision and recall of dictionary-based protein name recognition //Proceedings of the ACL 2003 workshop on Natural language processing in biomedicine-Volume 13. – Association for Computational Linguistics, 2003. – С. 41-48.
@inproceedings{Tsuruoka_2003,
  title={Boosting precision and recall of dictionary-based protein name recognition},
  author={Tsuruoka, Yoshimasa and Tsujii, Jun'ichi},
  booktitle={Proceedings of the ACL 2003 workshop on Natural language processing in biomedicine-Volume 13},
  pages={41--48},
  year={2003},
  organization={Association for Computational Linguistics}
}

[Cohen_2004] Cohen W. W., Sarawagi S. Exploiting dictionaries in named entity extraction: combining semi-markov extraction processes and data integration methods //Proceedings of the tenth ACM SIGKDD international conference on Knowledge discovery and data mining. – ACM, 2004. – С. 89-98.
@inproceedings{Cohen_2004,
  title={Exploiting dictionaries in named entity extraction: combining semi-markov extraction processes and data integration methods},
  author={Cohen, William W and Sarawagi, Sunita},
  booktitle={Proceedings of the tenth ACM SIGKDD international conference on Knowledge discovery and data mining},
  pages={89--98},
  year={2004},
  organization={ACM}
}

[Sender_2016] Sender R., Fuchs S., Milo R. Revised estimates for the number of human and bacteria cells in the body //bioRxiv. – 2016. – С. 036103.
@article{Sender_2016,
  title={Revised estimates for the number of human and bacteria cells in the body},
  author={Sender, Ron and Fuchs, Shai and Milo, Ron},
  journal={BioRxiv},
  pages={036103},
  year={2016},
  publisher={Cold Spring Harbor Labs Journals}
}

[Gebbers_1988] Gebbers J. O., Laissue J. A. Immunologic structures and functions of the gut //Schweizer Archiv fur Tierheilkunde. – 1988. – Т. 131. – №. 5. – С. 221-238.
@article{Gebbers_1988,
  title={Immunologic structures and functions of the gut.},
  author={Gebbers, JO and Laissue, JA},
  journal={Schweizer Archiv fur Tierheilkunde},
  volume={131},
  number={5},
  pages={221--238},
  year={1988}
}

[Ley_2006] Ley R. E., Peterson D. A., Gordon J. I. Ecological and evolutionary forces shaping microbial diversity in the human intestine //Cell. – 2006. – Т. 124. – №. 4. – С. 837-848.
@article{Ley_2006,
  title={Ecological and evolutionary forces shaping microbial diversity in the human intestine},
  author={Ley, Ruth E and Peterson, Daniel A and Gordon, Jeffrey I},
  journal={Cell},
  volume={124},
  number={4},
  pages={837--848},
  year={2006},
  publisher={Elsevier}
}

[Wallace_2011] Wallace T. C. et al. Human gut microbiota and its relationship to health and disease //Nutrition Reviews. – 2011. – Т. 69. – №. 7. – С. 392-403.
@article{Wallace_2011,
  title={Human gut microbiota and its relationship to health and disease},
  author={Wallace, Taylor C and Guarner, Francisco and Madsen, Karen and Cabana, Michael D and Gibson, Glenn and Hentges, Eric and Sanders, Mary Ellen},
  journal={Nutrition Reviews},
  volume={69},
  number={7},
  pages={392--403},
  year={2011},
  publisher={The Oxford University Press}
}

[Walker_2011] Walker A. W. et al. Dominant and diet-responsive groups of bacteria within the human colonic microbiota //The ISME journal. – 2011. – Т. 5. – №. 2. – С. 220-230.
@article{Walker_2011,
  title={Dominant and diet-responsive groups of bacteria within the human colonic microbiota},
  author={Walker, Alan W and Ince, Jennifer and Duncan, Sylvia H and Webster, Lucy M and Holtrop, Grietje and Ze, Xiaolei and Brown, David and Stares, Mark D and Scott, Paul and Bergerat, Aurore and others},
  journal={The ISME journal},
  volume={5},
  number={2},
  pages={220--230},
  year={2011},
  publisher={Nature Publishing Group}
}

[Flint_2007] Flint H. J. et al. Interactions and competition within the microbial community of the human colon: links between diet and health //Environmental microbiology. – 2007. – Т. 9. – №. 5. – С. 1101-1111.
@article{Flint_2007,
  title={Interactions and competition within the microbial community of the human colon: links between diet and health},
  author={Flint, Harry J and Duncan, Sylvia H and Scott, Karen P and Louis, Petra},
  journal={Environmental microbiology},
  volume={9},
  number={5},
  pages={1101--1111},
  year={2007},
  publisher={Wiley Online Library}
}

[Scott_2008] Scott K. P., Duncan S. H., Flint H. J. Dietary fibre and the gut microbiota //Nutrition Bulletin. – 2008. – Т. 33. – №. 3. – С. 201-211.
@article{Scott_2008,
  title={Dietary fibre and the gut microbiota},
  author={Scott, KP and Duncan, SH and Flint, HJ},
  journal={Nutrition Bulletin},
  volume={33},
  number={3},
  pages={201--211},
  year={2008},
  publisher={Wiley Online Library}
}

[Russell_2008] Russell W. R. et al. Anti-inflammatory implications of the microbial transformation of dietary phenolic compounds //Nutrition and cancer. – 2008. – Т. 60. – №. 5. – С. 636-642.
@article{Russell_2008,
  title={Anti-inflammatory implications of the microbial transformation of dietary phenolic compounds},
  author={Russell, Wendy R and Scobbie, Lorraine and Chesson, Andrew and Richardson, Anthony J and Stewart, Colin S and Duncan, Sylvia H and Drew, Janice E and Duthie, Garry G},
  journal={Nutrition and cancer},
  volume={60},
  number={5},
  pages={636--642},
  year={2008},
  publisher={Taylor \& Francis}
}

[Derrien_2004] Derrien M. et al. Akkermansia muciniphila gen. nov., sp. nov., a human intestinal mucin-degrading bacterium //International journal of systematic and evolutionary microbiology. – 2004. – Т. 54. – №. 5. – С. 1469-1476.
@article{Derrien_2004,
  title={Akkermansia muciniphila gen. nov., sp. nov., a human intestinal mucin-degrading bacterium},
  author={Derrien, Muriel and Vaughan, Elaine E and Plugge, Caroline M and de Vos, Willem M},
  journal={International journal of systematic and evolutionary microbiology},
  volume={54},
  number={5},
  pages={1469--1476},
  year={2004},
  publisher={Microbiology Society}
}

[De_Palma_2010] De Palma G. et al. Intestinal dysbiosis and reduced immunoglobulin-coated bacteria associated with coeliac disease in children //BMC microbiology. – 2010. – Т. 10. – №. 1. – С. 1.
@article{De_Palma_2010,
  title={Intestinal dysbiosis and reduced immunoglobulin-coated bacteria associated with coeliac disease in children},
  author={De Palma, Giada and Nadal, Inmaculada and Medina, Marcela and Donat, Ester and Ribes-Koninckx, Carmen and Calabuig, Miguel and Sanz, Yolanda},
  journal={BMC microbiology},
  volume={10},
  number={1},
  pages={1},
  year={2010},
  publisher={BioMed Central}
}

[Larsen_2010] Larsen N. et al. Gut microbiota in human adults with type 2 diabetes differs from non-diabetic adults //PloS one. – 2010. – Т. 5. – №. 2. – С. e9085.
@article{Larsen_2010,
  title={Gut microbiota in human adults with type 2 diabetes differs from non-diabetic adults},
  author={Larsen, Nadja and Vogensen, Finn K and van den Berg, Frans WJ and Nielsen, Dennis Sandris and Andreasen, Anne Sofie and Pedersen, Bente K and Al-Soud, Waleed Abu and S{\o}rensen, S{\o}ren J and Hansen, Lars H and Jakobsen, Mogens},
  journal={PloS one},
  volume={5},
  number={2},
  pages={e9085},
  year={2010},
  publisher={Public Library of Science}
}

[Turnbaugh_2009] Turnbaugh P. J. et al. A core gut microbiome in obese and lean twins //nature. – 2009. – Т. 457. – №. 7228. – С. 480-484.
@article{Turnbaugh_2009,
  title={A core gut microbiome in obese and lean twins},
  author={Turnbaugh, Peter J and Hamady, Micah and Yatsunenko, Tanya and Cantarel, Brandi L and Duncan, Alexis and Ley, Ruth E and Sogin, Mitchell L and Jones, William J and Roe, Bruce A and Affourtit, Jason P and others},
  journal={nature},
  volume={457},
  number={7228},
  pages={480--484},
  year={2009},
  publisher={Nature Publishing Group}
}

[Tannock_2008] Tannock G. W. Molecular analysis of the intestinal microflora in IBD //Mucosal immunology. – 2008. – Т. 1. – С. S15-S18.
@article{Tannock_2008,
  title={Molecular analysis of the intestinal microflora in IBD},
  author={Tannock, GW},
  journal={Mucosal immunology},
  volume={1},
  pages={S15--S18},
  year={2008},
  publisher={Nature Publishing Group}
}

[Swidsinski_2008] Swidsinski A. et al. Biostructure of fecal microbiota in healthy subjects and patients with chronic idiopathic diarrhea //Gastroenterology. – 2008. – Т. 135. – №. 2. – С. 568-579. E2.
@article{Swidsinski_2008,
  title={Biostructure of fecal microbiota in healthy subjects and patients with chronic idiopathic diarrhea},
  author={Swidsinski, Alexander and Loening--Baucke, Vera and Verstraelen, Hans and Osowska, Sylwia and Doerffel, Yvonne},
  journal={Gastroenterology},
  volume={135},
  number={2},
  pages={568--579},
  year={2008},
  publisher={Elsevier}
}

[Tanaka_2009] Tanaka S, Kobayashi T, Songjinda P, Tateyama A, Tsubouchi M, Kiyohara C, Shirakawa T, Sonomoto K, Nakayama J. Influ- ence of antibiotic exposure in the early postnatal period on the development of intestinal microbiota. FEMS Immunol Med Micro- biol 56: 80 – 87, 2009.
@article{Tanaka_2009,
  title={Influence of antibiotic exposure in the early postnatal period on the development of intestinal microbiota},
  author={Tanaka, Shigemitsu and Kobayashi, Takako and Songjinda, Prapa and Tateyama, Atsushi and Tsubouchi, Mina and Kiyohara, Chikako and Shirakawa, Taro and Sonomoto, Kenji and Nakayama, Jiro},
  journal={FEMS Immunology \& Medical Microbiology},
  volume={56},
  number={1},
  pages={80--87},
  year={2009},
  publisher={The Oxford University Press}
}

[Lofmark_2006] Lofmark S, Jernberg C, Jansson JK, Edlund C. Clindamycininduced enrichment and long-term persistence of resistant Bacteroides spp. and resistance genes. J Antimicrob Chemother 58: 1160 –1167, 2006.
@article{Lofmark_2006,
  title={Clindamycin-induced enrichment and long-term persistence of resistant Bacteroides spp. and resistance genes},
  author={L{\"o}fmark, Sonja and Jernberg, Cecilia and Jansson, Janet K and Edlund, Charlotta},
  journal={Journal of Antimicrobial Chemotherapy},
  volume={58},
  number={6},
  pages={1160--1167},
  year={2006},
  publisher={Br Soc Antimicrob Chemo}
}

[De_La_Cochetiere_2008] De La Cochetiere MF, Durand T, Lalande V, Petit JC, Potel G, Beaugerie L. Effect of antibiotic therapy on human fecal microbiota and the relation to the development of Clostridium difficile. Microb Ecol 56: 395– 402, 2008.
@article{De_La_Cochetiere_2008,
  title={Effect of antibiotic therapy on human fecal microbiota and the relation to the development of Clostridium difficile},
  author={De La Cocheti{\`e}re, Marie-France and Durand, T and Lalande, Val{\'e}rie and Petit, Jean-Claude and Potel, Gilles and Beaugerie, Laurent},
  journal={Microbial ecology},
  volume={56},
  number={3},
  pages={395--402},
  year={2008},
  publisher={Springer}
}

[McFarland_2008] McFarland LV. Antibiotic-associated diarrhea: epidemiology, trends and treatment. Future Microbiol 3: 563–578, 2008.
@article{McFarland_2008,
  title={Antibiotic-associated diarrhea: epidemiology, trends and treatment},
  author={McFarland, Lynne V},
  year={2008},
  publisher={Future Medicine}
}

[Pham_2008] Pham M., Lemberg D. A., Day A. S. Probiotics: sorting the evidence from the myths //Medical Journal of Australia. – 2008. – Т. 188. – №. 5. – С. 304.
@article{Pham_2008,
  title={Probiotics: sorting the evidence from the myths},
  author={Pham, Mimi and Lemberg, Daniel A and Day, Andrew S},
  journal={Medical Journal of Australia},
  volume={189},
  number={3},
  pages={182--182},
  year={2008},
  publisher={Sydney, Australia: Australian Medical Association, 1914-}
}

[Costello_2009] Costello E. K. et al. Bacterial community variation in human body habitats across space and time //Science. – 2009. – Т. 326. – №. 5960. – С. 1694-1697.
@article{Costello_2009,
  title={Bacterial community variation in human body habitats across space and time},
  author={Costello, Elizabeth K and Lauber, Christian L and Hamady, Micah and Fierer, Noah and Gordon, Jeffrey I and Knight, Rob},
  journal={Science},
  volume={326},
  number={5960},
  pages={1694--1697},
  year={2009},
  publisher={American Association for the Advancement of Science}
}

[Zoetendal_1998] Zoetendal E. G., Akkermans A. D. L., De Vos W. M. Temperature gradient gel electrophoresis analysis of 16S rRNA from human fecal samples reveals stable and host-specific communities of active bacteria //Applied and environmental microbiology. – 1998. – Т. 64. – №. 10. – С. 3854-3859.
@article{Zoetendal_1998,
  title={Temperature gradient gel electrophoresis analysis of 16S rRNA from human fecal samples reveals stable and host-specific communities of active bacteria},
  author={Zoetendal, Erwin G and Akkermans, Antoon DL and De Vos, Willem M},
  journal={Applied and environmental microbiology},
  volume={64},
  number={10},
  pages={3854--3859},
  year={1998},
  publisher={Am Soc Microbiol}
}

[Martínez_2010] Martínez I. et al. Resistant starches types 2 and 4 have differential effects on the composition of the fecal microbiota in human subjects //PloS one. – 2010. – Т. 5. – №. 11. – С. e15046.
@article{Martinez_2010,
  title={Resistant starches types 2 and 4 have differential effects on the composition of the fecal microbiota in human subjects},
  author={Mart{\'\i}nez, In{\'e}s and Kim, Jaehyoung and Duffy, Patrick R and Schlegel, Vicki L and Walter, Jens},
  journal={PloS one},
  volume={5},
  number={11},
  pages={e15046},
  year={2010},
  publisher={Public Library of Science}
}

[Russell_2011] Russell W. R. et al. High-protein, reduced-carbohydrate weight-loss diets promote metabolite profiles likely to be detrimental to colonic health //The American journal of clinical nutrition. – 2011. – Т. 93. – №. 5. – С. 1062-1072.
@article{Russell_2011,
  title={High-protein, reduced-carbohydrate weight-loss diets promote metabolite profiles likely to be detrimental to colonic health},
  author={Russell, Wendy R and Gratz, Silvia W and Duncan, Sylvia H and Holtrop, Grietje and Ince, Jennifer and Scobbie, Lorraine and Duncan, Garry and Johnstone, Alexandra M and Lobley, Gerald E and Wallace, R John and others},
  journal={The American journal of clinical nutrition},
  volume={93},
  number={5},
  pages={1062--1072},
  year={2011},
  publisher={Am Soc Nutrition}
}

[Cucerzan_2007] Cucerzan S. Large-Scale Named Entity Disambiguation Based on Wikipedia Data //EMNLP-CoNLL. – 2007. – Т. 7. – С. 708-716.
@inproceedings{Cucerzan_2007,
  title={Large-Scale Named Entity Disambiguation Based on Wikipedia Data.},
  author={Cucerzan, Silviu},
  booktitle={EMNLP-CoNLL},
  volume={7},
  pages={708--716},
  year={2007}
}

[Bunescu_2006] Bunescu R. C., Pasca M. Using Encyclopedic Knowledge for Named entity Disambiguation //EACL. – 2006. – Т. 6. – С. 9-16.
@inproceedings{Bunescu_2006,
  title={Using Encyclopedic Knowledge for Named entity Disambiguation.},
  author={Bunescu, Razvan C and Pasca, Marius},
  booktitle={EACL},
  volume={6},
  pages={9--16},
  year={2006}
}

[Dredze_2010] Dredze M. et al. Entity disambiguation for knowledge base population //Proceedings of the 23rd International Conference on Computational Linguistics. – Association for Computational Linguistics, 2010. – С. 277-285.
@inproceedings{Dredze_2010,
  title={Entity disambiguation for knowledge base population},
  author={Dredze, Mark and McNamee, Paul and Rao, Delip and Gerber, Adam and Finin, Tim},
  booktitle={Proceedings of the 23rd International Conference on Computational Linguistics},
  pages={277--285},
  year={2010},
  organization={Association for Computational Linguistics}
}

[Brigidi_2001] Brigidi P. et al. Effects of probiotic administration upon the composition and enzymatic activity of human fecal microbiota in patients with irritable bowel syndrome or functional diarrhea //Research in Microbiology. – 2001. – Т. 152. – №. 8. – С. 735-741.
@article{Brigidi_2001,
  title={Effects of probiotic administration upon the composition and enzymatic activity of human fecal microbiota in patients with irritable bowel syndrome or functional diarrhea},
  author={Brigidi, Patrizia and Vitali, Beatrice and Swennen, Erwin and Bazzocchi, Gabriele and Matteuzzi, Diego},
  journal={Research in Microbiology},
  volume={152},
  number={8},
  pages={735--741},
  year={2001},
  publisher={Elsevier}
}

[Liévin-Le_Moal_2014] Liévin-Le Moal V., Servin A. L. Anti-infective activities of lactobacillus strains in the human intestinal microbiota: from probiotics to gastrointestinal anti-infectious biotherapeutic agents //Clinical microbiology reviews. – 2014. – Т. 27. – №. 2. – С. 167-199.
@article{Lievin_Le_Moal_2014,
  title={Anti-infective activities of lactobacillus strains in the human intestinal microbiota: from probiotics to gastrointestinal anti-infectious biotherapeutic agents},
  author={Li{\'e}vin-Le Moal, Vanessa and Servin, Alain L},
  journal={Clinical microbiology reviews},
  volume={27},
  number={2},
  pages={167--199},
  year={2014},
  publisher={Am Soc Microbiol}
}

[He_2008] He T. et al. Effects of yogurt and bifidobacteria supplementation on the colonic microbiota in lactose‐intolerant subjects //Journal of Applied Microbiology. – 2008. – Т. 104. – №. 2. – С. 595-604.
@article{He_2008,
  title={Effects of yogurt and bifidobacteria supplementation on the colonic microbiota in lactose-intolerant subjects},
  author={He, Tao and Priebe, MG and Zhong, Y and Huang, C and Harmsen, HJM and Raangs, GC and Antoine, J-M and Welling, GW and Vonk, RJ},
  journal={Journal of Applied Microbiology},
  volume={104},
  number={2},
  pages={595--604},
  year={2008},
  publisher={Wiley Online Library}
}

[Norman_2008] Norman K., Pirlich M. Gastrointestinal tract in liver disease: which organ is sick? //Current Opinion in Clinical Nutrition & Metabolic Care. – 2008. – Т. 11. – №. 5. – С. 613-619.
@article{Norman_2008,
  title={Gastrointestinal tract in liver disease: which organ is sick?},
  author={Norman, Kristina and Pirlich, Matthias},
  journal={Current Opinion in Clinical Nutrition \& Metabolic Care},
  volume={11},
  number={5},
  pages={613--619},
  year={2008},
  publisher={LWW}
}

[Gill_2002] Gill C. I. R., Rowland I. R. Diet and cancer: assessing the risk //British journal of nutrition. – 2002. – Т. 88. – №. S1. – С. s73-s87.
@article{Gill_2002,
  title={Diet and cancer: assessing the risk},
  author={Gill, CIR and Rowland, IR},
  journal={British journal of nutrition},
  volume={88},
  number={S1},
  pages={s73--s87},
  year={2002},
  publisher={Cambridge Univ Press}
}

[Longstreth_2006] Longstreth G. F. et al. Functional bowel disorders //Gastroenterology. – 2006. – Т. 130. – №. 5. – С. 1480-1491.
@article{Longstreth_2006,
  title={Functional bowel disorders},
  author={Longstreth, George F and Thompson, W Grant and Chey, William D and Houghton, Lesley A and Mearin, Fermin and Spiller, Robin C},
  journal={Gastroenterology},
  volume={130},
  number={5},
  pages={1480--1491},
  year={2006},
  publisher={Elsevier}
}

[Kim_2001] Kim S. W. et al. Pseudomonas aeruginosa as a potential cause of antibiotic-associated diarrhea //Journal of Korean medical science. – 2001. – Т. 16. – №. 6. – С. 742.
@article{Kim_2001,
  title={Pseudomonas aeruginosa as a potential cause of antibiotic-associated diarrhea.},
  author={Kim, Shin Woo and Peck, Kyong Ran and Jung, Sook In and Kim, Yeon Sook and Kim, Sungmin and Lee, Nam Yong and Song, Jae Hoon},
  journal={Journal of Korean medical science},
  volume={16},
  number={6},
  pages={742},
  year={2001},
  publisher={Korean Academy of Medical Sciences}
}

[Kelly_1994] Kelly C. P., Pothoulakis C., LaMont J. T. Clostridium difficile colitis //New England Journal of Medicine. – 1994. – Т. 330. – №. 4. – С. 257-262.
@article{Kelly_1994,
  title={Clostridium difficile colitis},
  author={Kelly, Ciaran P and Pothoulakis, Charalabos and LaMont, J Thomas},
  journal={New England Journal of Medicine},
  volume={330},
  number={4},
  pages={257--262},
  year={1994},
  publisher={Mass Medical Soc}
}

[Stecher_2011] Stecher B., Hardt W. D. Mechanisms controlling pathogen colonization of the gut //Current opinion in microbiology. – 2011. – Т. 14. – №. 1. – С. 82-91.
@article{Stecher_2011,
  title={Mechanisms controlling pathogen colonization of the gut},
  author={Stecher, B{\"a}rbel and Hardt, Wolf-Dietrich},
  journal={Current opinion in microbiology},
  volume={14},
  number={1},
  pages={82--91},
  year={2011},
  publisher={Elsevier}
}

[Renz_2012] Renz H., Brandtzaeg P., Hornef M. The impact of perinatal immune development on mucosal homeostasis and chronic inflammation //Nature Reviews Immunology. – 2012. – Т. 12. – №. 1. – С. 9-23.
@article{Renz_2012,
  title={The impact of perinatal immune development on mucosal homeostasis and chronic inflammation},
  author={Renz, Harald and Brandtzaeg, Per and Hornef, Mathias},
  journal={Nature Reviews Immunology},
  volume={12},
  number={1},
  pages={9--23},
  year={2012},
  publisher={Nature Publishing Group}
}

[Smith_2007] Smith K., McCoy K. D., Macpherson A. J. Use of axenic animals in studying the adaptation of mammals to their commensal intestinal microbiota //Seminars in immunology. – Academic Press, 2007. – Т. 19. – №. 2. – С. 59-69.
@inproceedings{Smith_2007,
  title={Use of axenic animals in studying the adaptation of mammals to their commensal intestinal microbiota},
  author={Smith, Karen and McCoy, Kathy D and Macpherson, Andrew J},
  booktitle={Seminars in immunology},
  volume={19},
  number={2},
  pages={59--69},
  year={2007},
  organization={Elsevier}
}

[Jamieson_2012] Jamieson D. G. et al. Towards semi-automated curation: using text mining to recreate the HIV-1, human protein interaction database //Database. – 2012. – Т. 2012. – С. bas023.
@article{Jamieson_2012,
  title={Towards semi-automated curation: using text mining to recreate the HIV-1, human protein interaction database},
  author={Jamieson, Daniel G and Gerner, Martin and Sarafraz, Farzaneh and Nenadic, Goran and Robertson, David L},
  journal={Database},
  volume={2012},
  pages={bas023},
  year={2012},
  publisher={Oxford University Press}
}

[Stecher_2007] Stecher B. et al. Salmonella enterica serovar typhimurium exploits inflammation to compete with the intestinal microbiota //PLoS Biol. – 2007. – Т. 5. – №. 10. – С. e244.
@article{Stecher_2007,
  title={Salmonella enterica serovar typhimurium exploits inflammation to compete with the intestinal microbiota},
  author={Stecher, B{\"a}rbel and Robbiani, Riccardo and Walker, Alan W and Westendorf, Astrid M and Barthel, Manja and Kremer, Marcus and Chaffron, Samuel and Macpherson, Andrew J and Buer, Jan and Parkhill, Julian and others},
  journal={PLoS Biol},
  volume={5},
  number={10},
  pages={e244},
  year={2007},
  publisher={Public Library of Science}
}

[Lupp_2007] Lupp C. et al. Host-mediated inflammation disrupts the intestinal microbiota and promotes the overgrowth of Enterobacteriaceae //Cell host & microbe. – 2007. – Т. 2. – №. 2. – С. 119-129.
@article{Lupp_2007,
  title={Host-mediated inflammation disrupts the intestinal microbiota and promotes the overgrowth of Enterobacteriaceae},
  author={Lupp, Claudia and Robertson, Marilyn L and Wickham, Mark E and Sekirov, Inna and Champion, Olivia L and Gaynor, Erin C and Finlay, B Brett},
  journal={Cell host \& microbe},
  volume={2},
  number={2},
  pages={119--129},
  year={2007},
  publisher={Elsevier}
}

[Whary_2006] Whary M. T. et al. Rapid onset of ulcerative typhlocolitis in B6. 129P2-IL10tm1Cgn (IL-10−/−) mice infected with Helicobacter trogontum is associated with decreased colonization by altered Schaedler's flora //Infection and immunity. – 2006. – Т. 74. – №. 12. – С. 6615-6623.
@article{Whary_2006,
  title={Rapid onset of ulcerative typhlocolitis in B6. 129P2-IL10tm1Cgn (IL-10-/-) mice infected with Helicobacter trogontum is associated with decreased colonization by altered Schaedler's flora},
  author={Whary, MT and Danon, SJ and Feng, Y and Ge, Z and Sundina, N and Ng, V and Taylor, NS and Rogers, AB and Fox, JG},
  journal={Infection and immunity},
  volume={74},
  number={12},
  pages={6615--6623},
  year={2006},
  publisher={Am Soc Microbiol}
}
