@article{warren1983unidentified,
  title={Unidentified curved bacilli on gastric epithelium in active chronic gastritis},
  author={Warren, J Robin and Marshall, Barry},
  journal={The Lancet},
  volume={321},
  number={8336},
  pages={1273--1275},
  year={1983},
  publisher={Elsevier}
}


@article{malfertheiner2009peptic,
  title={Peptic ulcer disease},
  author={Malfertheiner, Peter and Chan, Francis KL and McColl, Kenneth EL},
  journal={The Lancet},
  volume={374},
  number={9699},
  pages={1449--1461},
  year={2009},
  publisher={Elsevier}
}

@article{tomb1997complete,
  title={The complete genome sequence of the gastric pathogen Helicobacter pylori},
  author={Tomb, Jean-F and White, Owen and Kerlavage, Anthony R and Clayton, Rebecca A and Sutton, Granger G and Fleischmann, Robert D and Ketchum, Karen A and Klenk, Hans Peter and Gill, Steven and Dougherty, Brian A and others},
  journal={Nature},
  volume={388},
  number={6642},
  pages={539--547},
  year={1997},
  publisher={Nature Publishing Group}
}

@article{davidsen2009comprehensive,
  title={The comprehensive microbial resource},
  author={Davidsen, Tanja and Beck, Erin and Ganapathy, Anuradha and Montgomery, Robert and Zafar, Nikhat and Yang, Qi and Madupu, Ramana and Goetz, Phil and Galinsky, Kevin and White, Owen and others},
  journal={Nucleic acids research},
  pages={gkp912},
  year={2009},
  publisher={Oxford Univ Press}
}
%гетерогенность
@article{kansau1996genotyping,
  title={Genotyping of Helicobacter pylori isolates by sequencing of PCR products and comparison with the RAPD technique},
  author={Kansau, I and Raymond, J and Bingen, E and Courcoux, P and Kalach, N and Bergeret, M and Braimi, N and Dupont, C and Labigne, A},
  journal={Research in microbiology},
  volume={147},
  number={8},
  pages={661--669},
  year={1996},
  publisher={Elsevier}
}

@article{scarlato2001regulation,
  title={Regulation of transcription in Helicobacter pylori: simple systems or complex circuits?},
  author={Scarlato, Vincenzo and Delany, Isabel and Spohn, Gunther and Beier, Dagmar},
  journal={International journal of medical microbiology},
  volume={291},
  number={2},
  pages={107--117},
  year={2001},
  publisher={Elsevier}
}

@article{atherton1995mosaicism,
  title={Mosaicism in vacuolating cytotoxin alleles of Helicobacter pylori association of specific vacA types with cytotoxin production and peptic ulceration},
  author={Atherton, John C and Cao, Ping and Peek, Richard M and Tummuru, Murali KR and Blaser, Martin J and Cover, Timothy L},
  journal={Journal of Biological Chemistry},
  volume={270},
  number={30},
  pages={17771--17777},
  year={1995},
  publisher={ASBMB}
}

@article{blaser1996role,
  title={Role of vacA and the cagA locus of Helicobacter pylori in human disease.},
  author={Blaser, MJ},
  journal={Alimentary pharmacology \& therapeutics},
  volume={10},
  number={Sup1},
  pages={73--77},
  year={1996},
  publisher={Wiley Online Library}
}

@article{crabtree1991mucosal,
  title={Mucosal IgA recognition of Helicobacter pylori 120 kDa protein, peptic ulceration, and gastric pathology},
  author={Crabtree, JE and Taylor, JD and Heatley, RV and Shallcross, TM and Rathbone, BJ and Wyatt, JI and Tompkins, DS},
  journal={The Lancet},
  volume={338},
  number={8763},
  pages={332--335},
  year={1991},
  publisher={Elsevier}
}

@article{burgess1969separation,
  title={Separation and characterization of the subunits of ribonucleic acid polymerase},
  author={Burgess, Richard R},
  journal={Journal of Biological Chemistry},
  volume={244},
  number={22},
  pages={6168--6176},
  year={1969},
  publisher={ASBMB}
}
@article{josenhans2002functional,
  title={Functional characterization of the antagonistic flagellar late regulators FliA and FlgM of Helicobacter pylori and their effects on the H. pylori transcriptome},
  author={Josenhans, Christine and Niehus, Eike and Amersbach, Stefanie and H{\"o}rster, Andrea and Betz, Christian and Drescher, Bernd and Hughes, Kelly T and Suerbaum, Sebastian},
  journal={Molecular microbiology},
  volume={43},
  number={2},
  pages={307--322},
  year={2002},
  publisher={Wiley Online Library}
}

@article{browning2004regulation,
  title={The regulation of bacterial transcription initiation},
  author={Browning, Douglas F and Busby, Stephen JW},
  journal={Nature Reviews Microbiology},
  volume={2},
  number={1},
  pages={57--65},
  year={2004},
  publisher={Nature Publishing Group}
}
@article{cases2003transcription,
  title={Transcription regulation and environmental adaptation in bacteria},
  author={Cases, Ildefonso and de Lorenzo, Victor and Ouzounis, Christos A},
  journal={Trends in microbiology},
  volume={11},
  number={6},
  pages={248--253},
  year={2003},
  publisher={Elsevier}
}
@article{aravind2005many,
  title={The many faces of the helix-turn-helix domain: transcription regulation and beyond},
  author={Aravind, L and Anantharaman, Vivek and Balaji, Santhanam and Babu, M Mohan and Iyer, Lakshminarayan M},
  journal={FEMS microbiology reviews},
  volume={29},
  number={2},
  pages={231--262},
  year={2005},
  publisher={The Oxford University Press}
}
@article{moreno2006operons,
  title={Operons across prokaryotes: genomic analyses and predictions 300+ genomes later},
  author={Moreno-Hagelsieb, Gabriel},
  journal={Current Genomics},
  volume={7},
  number={3},
  pages={163--170},
  year={2006},
  publisher={Bentham Science Publishers}
}



@article{molina2008universal,
  title={Universal patterns of purifying selection at noncoding positions in bacteria},
  author={Molina, Nacho and van Nimwegen, Erik},
  journal={Genome research},
  volume={18},
  number={1},
  pages={148--160},
  year={2008},
  publisher={Cold Spring Harbor Lab}
}

@article{lee2012activating,
  title={Activating transcription in bacteria},
  author={Lee, David J and Minchin, Stephen D and Busby, Stephen JW},
  journal={Annual review of microbiology},
  volume={66},
  pages={125--152},
  year={2012},
  publisher={Annual Reviews}
}

@article{alm1999genomic,
  title={Genomic-sequence comparison of two unrelated isolates of the human gastric pathogen Helicobacter pylori},
  author={Alm, Richard A and Ling, Lo-See L and Moir, Donald T and King, Benjamin L and Brown, Eric D and Doig, Peter C and Smith, Douglas R and Noonan, Brian and Guild, Braydon C and Carmel, Gilles and others},
  journal={Nature},
  volume={397},
  number={6715},
  pages={176--180},
  year={1999},
  publisher={Nature Publishing Group}
}

@article{lin2001comparative,
  title={Comparative genomics of the restriction-modification systems in Helicobacter pylori},
  author={Lin, Lee-Fong and Posfai, Janos and Roberts, Richard J and Kong, Huimin},
  journal={Proceedings of the National Academy of Sciences},
  volume={98},
  number={5},
  pages={2740--2745},
  year={2001},
  publisher={National Acad Sciences}
}

@article{oh2006complete,
  title={The complete genome sequence of a chronic atrophic gastritis Helicobacter pylori strain: evolution during disease progression},
  author={Oh, Jung D and Kling-B{\"a}ckhed, Helene and Giannakis, Marios and Xu, Jian and Fulton, Robert S and Fulton, Lucinda A and Cordum, Holland S and Wang, Chunyan and Elliott, Glendoria and Edwards, Jennifer and others},
  journal={Proceedings of the National Academy of Sciences},
  volume={103},
  number={26},
  pages={9999--10004},
  year={2006},
  publisher={National Acad Sciences}
}
@article{krebes2013complex,
  title={The complex methylome of the human gastric pathogen Helicobacter pylori},
  author={Krebes, Juliane and Morgan, Richard D and Bunk, Boyke and Spr{\"o}er, Cathrin and Luong, Khai and Parusel, Raphael and Anton, Brian P and K{\"o}nig, Christoph and Josenhans, Christine and Overmann, J{\"o}rg and others},
  journal={Nucleic acids research},
  pages={gkt1201},
  year={2013},
  publisher={Oxford Univ Press}
}

@article{brown2003merr,
  title={The MerR family of transcriptional regulators},
  author={Brown, Nigel L and Stoyanov, Jivko V and Kidd, Stephen P and Hobman, Jon L},
  journal={FEMS microbiology reviews},
  volume={27},
  number={2-3},
  pages={145--163},
  year={2003},
  publisher={The Oxford University Press}
}
@article{busby1994promoter,
  title={Promoter structure, promoter recognition, and transcription activation in prokaryotes},
  author={Busby, Steve and Ebright, Richard H},
  journal={Cell},
  volume={79},
  number={5},
  pages={743--746},
  year={1994},
  publisher={Cell Press}
}

@article{hochschild1998protein,
  title={Protein--protein contacts that activate and repress prokaryotic transcription},
  author={Hochschild, Ann and Dove, Simon L},
  journal={Cell},
  volume={92},
  number={5},
  pages={597--600},
  year={1998},
  publisher={Elsevier}
}

@article{joly2012coupling,
  title={Coupling AAA protein function to regulated gene expression},
  author={Joly, Nicolas and Zhang, Nan and Buck, Martin and Zhang, Xiaodong},
  journal={Biochimica et Biophysica Acta (BBA)-Molecular Cell Research},
  volume={1823},
  number={1},
  pages={108--116},
  year={2012},
  publisher={Elsevier}
}

@article{ghosh2010mechanisms,
  title={Mechanisms for activating bacterial RNA polymerase},
  author={Ghosh, Tamaswati and Bose, Daniel and Zhang, Xiaodong},
  journal={FEMS microbiology reviews},
  volume={34},
  number={5},
  pages={611--627},
  year={2010},
  publisher={The Oxford University Press}
}

@article{jishage1996regulation,
  title={Regulation of RNA polymerase sigma subunit synthesis in Escherichia coli: intracellular levels of four species of sigma subunit under various growth conditions.},
  author={Jishage, Miki and Iwata, Akira and Ueda, Susumu and Ishihama, Akira},
  journal={Journal of bacteriology},
  volume={178},
  number={18},
  pages={5447--5451},
  year={1996},
  publisher={Am Soc Microbiol}
}

@article{sharma2010primary,
  title={The primary transcriptome of the major human pathogen Helicobacter pylori},
  author={Sharma, Cynthia M and Hoffmann, Steve and Darfeuille, Fabien and Reignier, J{\'e}r{\'e}my and Findei{\ss}, Sven and Sittka, Alexandra and Chabas, Sandrine and Reiche, Kristin and Hackerm{\"u}ller, J{\"o}rg and Reinhardt, Richard and others},
  journal={Nature},
  volume={464},
  number={7286},
  pages={250--255},
  year={2010},
  publisher={Nature Publishing Group}
}

@article{mazin2014transcriptome,
  title={Transcriptome analysis reveals novel regulatory mechanisms in a genome-reduced bacterium},
  author={Mazin, Pavel V and Fisunov, Gleb Y and Gorbachev, Alexey Y and Kapitskaya, Kristina Y and Altukhov, Ilya A and Semashko, Tatiana A and Alexeev, Dmitry G and Govorun, Vadim M},
  journal={Nucleic acids research},
  volume={42},
  number={21},
  pages={13254--13268},
  year={2014},
  publisher={Oxford Univ Press}
}
@article{wang2011evolutionary,
  title={Evolutionary rewiring and reprogramming of bacterial transcription regulation},
  author={Wang, Li and Wang, Fang-Fang and Qian, Wei},
  journal={Journal of Genetics and Genomics},
  volume={38},
  number={7},
  pages={279--288},
  year={2011},
  publisher={Elsevier}
}
@article{lozada2006bacterial,
  title={Bacterial regulatory networks are extremely flexible in evolution},
  author={Lozada-Chavez, Irma and Janga, Sarath Chandra and Collado-Vides, Julio},
  journal={Nucleic acids research},
  volume={34},
  number={12},
  pages={3434--3445},
  year={2006},
  publisher={Oxford Univ Press}
}

@article{teichmann2004gene,
  title={Gene regulatory network growth by duplication},
  author={Teichmann, Sarah A and Babu, M Madan},
  journal={Nature genetics},
  volume={36},
  number={5},
  pages={492--496},
  year={2004},
  publisher={Nature Publishing Group}
}
@article{price2008horizontal,
  title={Horizontal gene transfer and the evolution of transcriptional regulation in Escherichia coli},
  author={Price, Morgan N and Dehal, Paramvir S and Arkin, Adam P},
  journal={Genome biology},
  volume={9},
  number={1},
  pages={1},
  year={2008},
  publisher={BioMed Central}
}

@article{lercher2008integration,
  title={Integration of horizontally transferred genes into regulatory interaction networks takes many million years},
  author={Lercher, Martin J and P{\'a}l, Csaba},
  journal={Molecular biology and evolution},
  volume={25},
  number={3},
  pages={559--567},
  year={2008},
  publisher={SMBE}
}

@article{taoka2004only,
  title={Only a small subset of the horizontally transferred chromosomal genes in Escherichia coli are translated into proteins},
  author={Taoka, Masato and Yamauchi, Yoshio and Shinkawa, Takashi and Kaji, Hiroyuki and Motohashi, Wakana and Nakayama, Hiroshi and Takahashi, Nobuhiro and Isobe, Toshiaki},
  journal={Molecular \& Cellular Proteomics},
  volume={3},
  number={8},
  pages={780--787},
  year={2004},
  publisher={ASBMB}
}

@article{elowitz2002stochastic,
  title={Stochastic gene expression in a single cell},
  author={Elowitz, Michael B and Levine, Arnold J and Siggia, Eric D and Swain, Peter S},
  journal={Science},
  volume={297},
  number={5584},
  pages={1183--1186},
  year={2002},
  publisher={American Association for the Advancement of Science}
}

@article{danielli2010built,
  title={Built shallow to maintain homeostasis and persistent infection: insight into the transcriptional regulatory network of the gastric human pathogen Helicobacter pylori},
  author={Danielli, Alberto and Amore, Gabriele and Scarlato, Vincenzo},
  journal={PLoS Pathog},
  volume={6},
  number={6},
  pages={e1000938},
  year={2010},
  publisher={Public Library of Science}
}
@article{alon2007network,
  title={Network motifs: theory and experimental approaches},
  author={Alon, Uri},
  journal={Nature Reviews Genetics},
  volume={8},
  number={6},
  pages={450--461},
  year={2007},
  publisher={Nature Publishing Group}
}
@article{josenhans2002role,
  title={The role of motility as a virulence factor in bacteria},
  author={Josenhans, Christine and Suerbaum, Sebastian},
  journal={International Journal of Medical Microbiology},
  volume={291},
  number={8},
  pages={605--614},
  year={2002},
  publisher={Elsevier}
}

@article{niehus2004genome,
  title={Genome-wide analysis of transcriptional hierarchy and feedback regulation in the flagellar system of Helicobacter pylori},
  author={Niehus, Eike and Gressmann, Helga and Ye, Fang and Schlapbach, Ralph and Dehio, Michaela and Dehio, Christoph and Stack, Allison and Meyer, Thomas F and Suerbaum, Sebastian and Josenhans, Christine},
  journal={Molecular microbiology},
  volume={52},
  number={4},
  pages={947--961},
  year={2004},
  publisher={Wiley Online Library}
}

@article{douillard2008posttranscriptional,
  title={Posttranscriptional regulation of flagellin synthesis in Helicobacter pylori by the RpoN chaperone HP0958},
  author={Douillard, Francois P and Ryan, Kieran A and Caly, Delphine L and Hinds, Jason and Witney, Adam A and Husain, Sarah E and O'Toole, Paul W},
  journal={Journal of bacteriology},
  volume={190},
  number={24},
  pages={7975--7984},
  year={2008},
  publisher={Am Soc Microbiol}
}

@article{roncarati2007expression,
  title={Expression, purification and characterization of the membrane-associated HrcA repressor protein of Helicobacter pylori},
  author={Roncarati, Davide and Spohn, Gunther and Tango, Nunzio and Danielli, Alberto and Delany, Isabel and Scarlato, Vincenzo},
  journal={Protein expression and purification},
  volume={51},
  number={2},
  pages={267--275},
  year={2007},
  publisher={Elsevier}
}



