@article{Eyring,
   author = "Eyring, Henry",
   title = "The Activated Complex in Chemical Reactions",
   journal = "The Journal of Chemical Physics",
   year = "1935",
   volume = "3",
   number = "2", 
   eid = ,
   pages = "107-115",
   url = "http://scitation.aip.org/content/aip/journal/jcp/3/2/10.1063/1.1749604",
   doi = "http://dx.doi.org/10.1063/1.1749604" 
}

@article{Vineyard,
	author = {G.H. Vineyard},
	title = {Frequency factors and isotope effects in solid state rate processes},
	publisher = {Pergamon Press},
	year = {1957},
	journal = {J. Phys. Chem. Solid},
	volume = {3},
	pages = {121-127},
}

@article{Glyde_1967,
  title = {Rate Processes in Solids},
  author = {Glyde, H. R.},
  journal = {Rev. Mod. Phys.},
  volume = {39},
  issue = {2},
  pages = {373--382},
  numpages = {0},
  year = {1967},
  month = {Apr},
  publisher = {American Physical Society},
}
%  doi = {10.1103/RevModPhys.39.373},
%  url = {http://link.aps.org/doi/10.1103/RevModPhys.39.373}

@article{Manley_1960,
	title = {A method of evaluating diffusion coefficients in crystals},
	author = {O.P. Manley},
	journal = {Journal of Physics and Chemistry of Solids},
	volume = {13},
	number = {3–4},
	pages = {244--250},
	year = {1960},
	issn = {0022-3697},
}
%doi = "http://dx.doi.org/10.1016/0022-3697(60)90007-X",
%url = "http://www.sciencedirect.com/science/article/pii/002236976090007X",

@article{Glensk_Breakdown_2014,
	author = {A. Glensk and B. Grabowski and T. Hickel and J. Neugebauer},
	title = {Breakdown of the Arrhenius Law in Describing Vacancy Formation Energies: The Importance of Local Anharmonicity Revealed by Ab initio Thermodynamics},
	publisher = {APS},
	journal = {Phys. Rev. X},
	year = {2014},
	volume = {4},
	pages = {121-127},
}
%	doi = {10.1103/PhysRevX.4.011018}

@article{Glensk_Understanding_anharmonicity_2015,
  title = {Understanding Anharmonicity in fcc Materials: From its Origin to     \textit{ab initio}   Strategies beyond the Quasiharmonic Approximation},
  author = {Glensk, A. and Grabowski, B. and Hickel, T. and Neugebauer, J.},
  journal = {Phys. Rev. Lett.},
  volume = {114},
  issue = {19},
  pages = {195901},
  numpages = {5},
  year = {2015},
  month = {May},
  publisher = {American Physical Society},
  doi = {10.1103/PhysRevLett.114.195901},
  url = {http://link.aps.org/doi/10.1103/PhysRevLett.114.195901}
}

@article{Nazarov_conference,
	title = {Simulation of the features determining strain influence on diffusion fluxes in FCC and BCC metals},
	author = {I.V. Valikova and A. Nazarov},
	journal = {In proc. conference “Thermodynamics and Transport Kinetics of Nanostructured Materials”},
	pages = {128-129},
	year = {2009}
}

@article{Valikova_2010,
	title = {Simulation of the features determining strain influence on diffusion fluxes in FCC and BCC metals},
	author = {I.V. Valikova and A.V. Nazarov},
	journal = {The physics of metals and metallography},
	volume = {109},
	number = {3},
	pages = {220-226},
	year = {2010}
}

%L.D. Landau, E.M. Lifshitz (1976). Mechanics. Vol. 1 (3rd ed.). Butterworth-Heinemann. ISBN 978-0-7506-2896-9
@Book{Landau_1,
	author = {L. D. Landau and E. M. Lifshitz},
	title = {Mechanics},
	publisher = {Butterworth-Heinemann},
	year = {1976},
	volume = {1},
	isbn = {978-0-7506-2896-9},
	edition = {3},
}

%Journal of Computational Physics, vol 117, p 1–19 (1 March 1995). Fast Parallel Algorithms for Short–Range Molecular Dynamics, Steve Plimpton
@article{LAMMPS,
	author = {Steve J. Plimpton},
	title = {Fast Parallel Algorithms for Short–Range Molecular Dynamics},
	journal = {Journal of Computational Physics},
	year = {1995},
	volume = {117},
	pages = {1--19},
	month = {March},
	OPTnumber = {•},
}

@article{EAM_original,
  title = {Embedded-atom method: Derivation and application to impurities, surfaces, and other defects in metals},
  author = {Daw, Murray S. and Baskes, M. I.},
  journal = {Phys. Rev. B},
  volume = {29},
  issue = {12},
  pages = {6443--6453},
  numpages = {0},
  year = {1984},
  month = {Jun},
  publisher = {American Physical Society},

}
%  doi = {10.1103/PhysRevB.29.6443},
%  url = {http://link.aps.org/doi/10.1103/PhysRevB.29.6443}

@article{Potfit2015,
  author={Peter Brommer and Alexander Kiselev and Daniel Schopf and Philipp Beck and Johannes Roth and Hans-Rainer Trebin},
  title={Classical interaction potentials for diverse materials from ab initio data: a review of potfit},
  journal={Modelling and Simulation in Materials Science and Engineering},
  volume={23},
  number={7},
  pages={074002},
  
  year={2015},
}
% url={http://stacks.iop.org/0965-0393/23/i=7/a=074002},
  	
@article{ortho-U,
  author={Yangzhong Li and Tzu-Ray Shan and Tao Liang and Susan B Sinnott and Simon R Phillpot},
  title={Classical interatomic potential for orthorhombic uranium},
  journal={Journal of Physics: Condensed Matter},
  volume={24},
  number={23},
  pages={235403},
  year={2012},
}
% url={http://stacks.iop.org/0953-8984/24/i=23/a=235403},
  	
@article{U-Zr,
  author={Gui-Yang Huang and B D Wirth},
  title={First-principles study of bubble nucleation and growth behaviors in $\alpha$ U–Zr},
  journal={Journal of Physics: Condensed Matter},
  volume={24},
  number={41},
  pages={415404},
  year={2012},
}
%  url={http://stacks.iop.org/0953-8984/24/i=41/a=415404},

@article{Miao2015,
  author = {Yinbin Miao and Benjamin Beeler and Chaitanya Deo and Michael I. Baskes and Maria A. Okuniewski and James F. Stubbins},
  title = {Defect structures induced by high-energy displacement cascades in $\gamma$ uranium},
  journal = {Journal of Nuclear Materials},
  volume = {456},
  pages = {1--6},
  year = {2015},
  issn = {0022-3115}
}
%doi = {http://dx.doi.org/10.1016/j.jnucmat.2014.09.016},
%url = {http://www.sciencedirect.com/science/article/pii/S0022311514006060},


@Article{Baskes:MEAM,
  author = {Michael I. Baskes},
  journal = {Phys. Rev. B},
  year = {1992},
  volume = {46},
  number = {5},
  pages = {2727-2742},
  language = {english},
  title = {Modified embedded-atom potentials for cubic materials and impurities},
}

  	
@article{U_SSS_2012,
  author={D E Smirnova and S V Starikov and V V Stegailov},
  title={Interatomic potential for uranium in a wide range of pressures and temperatures},
  journal={Journal of Physics: Condensed Matter},
  volume={24},
  number={1},
  pages={015702},
  year={2012},
}
%  url={http://stacks.iop.org/0953-8984/24/i=1/a=015702},


@article{U_Mo_Xe_2013,
  author={D E Smirnova and A Yu Kuksin and S V Starikov and V V Stegailov and Z Insepov and J Rest and A M Yacout},
  title={A ternary EAM interatomic potential for U–Mo alloys with xenon},
  journal={Modelling and Simulation in Materials Science and Engineering},
  volume={21},
  number={3},
  pages={035011},
  year={2013},
}
%  url={http://stacks.iop.org/0965-0393/21/i=3/a=035011},

@article{U_MEAM_Beeler,
  author={Benjamin Beeler and Chaitanya Deo and Michael Baskes and Maria Okuniewski},
  title={Atomistic properties of $\gamma$ uranium},
  journal={Journal of Physics: Condensed Matter},
  volume={24},
  number={7},
  pages={075401},
  year={2012},
}
%  url={http://stacks.iop.org/0953-8984/24/i=7/a=075401},

  	
@article{U_MEAM_Argentine,
  author={J R Fern\`{a}ndez and M I Pascuet},
  title={On the accurate description of uranium metallic phases: a MEAM interatomic potential approach},
  journal={Modelling and Simulation in Materials Science and Engineering},
  volume={22},
  number={5},
  pages={055019},
  year={2014},
  url={http://stacks.iop.org/0965-0393/22/i=5/a=055019},
}

@article{OVITO,
  author={Alexander Stukowski},
  title={Visualization and analysis of atomistic simulation data with OVITO–the Open Visualization Tool},
  journal={Modelling and Simulation in Materials Science and Engineering},
  volume={18},
  number={1},
  pages={015012},
  year={2010},
  url={http://stacks.iop.org/0965-0393/18/i=1/a=015012}
}

@article{Rahman:VACF,
  title = {Correlations in the Motion of Atoms in Liquid Argon},
  author = {Rahman, A.},
  journal = {Phys. Rev.},
  volume = {136},
  issue = {2A},
  pages = {A405--A411},
  numpages = {0},
  year = {1964},
  month = {Oct},
  publisher = {American Physical Society},
  doi = {10.1103/PhysRev.136.A405},
  url = {http://link.aps.org/doi/10.1103/PhysRev.136.A405},
}

@Article{TST,
	author = {Donald G. Truhlar and William L. Hase and James T. Hynes},
	title = {Current Status of Transition-State Theory},
	journal = {Journal of Physical Chemistry},
	year = {1983},
	volume = {87},
	OPTnumber = {15},
	pages = {2664--2682},
}

@article{fuels_1,
	author = {G.L. Hofman and L.C. Walters and T.H. Bauer},
	title = {Metallic fast reactor fuels},
	journal = {Progress in Nuclear Energy},
	volume = {31},
	number = {1–2},
	pages = {83--110},
	year = {1997},
	issn = {0149-1970},
	note = {The Technology of the Integral Fast Reactor and its Associated Fuel Cycle},
	doi = {http://dx.doi.org/10.1016/0149-1970(96)00005-4},
	url = {http://www.sciencedirect.com/science/article/pii/0149197096000054}
}


@article{fuels_2,
	author = {M.K Meyer and G.L Hofman and S.L Hayes and C.R Clark and T.C Wiencek and J.L Snelgrove and R.V Strain and K.-H Kim},
	title = {Low-temperature irradiation behavior of uranium–molybdenum alloy dispersion fuel},
	journal = {Journal of Nuclear Materials},
	volume = {304},
	number = {2–3},
	pages = {221--236},
	year = {2002},
	issn = {0022-3115},
	doi = {http://dx.doi.org/10.1016/S0022-3115(02)00850-4},
	url = {http://www.sciencedirect.com/science/article/pii/S0022311502008504},
}

@article{fuels_3,
	author = {Yeon Soo Kim and G.L. Hofman and A.M. Yacout},
	title = {Migration of minor actinides and lanthanides in fast reactor metallic fuel},
	journal = {Journal of Nuclear Materials},
	volume = {392},
	number = {2},
	pages = {164--170},
	year = {2009},
	issn = {0022-3115},
	note = {doi:10.1016/j.jnucmat.2009.03.043},
	note = {Nuclear Fuels and Structural Materials 2Proceedings of the Second Symposium on Nuclear Fuels and Structural Materials for Next Generation Nuclear Reactors },
	doi = {http://dx.doi.org/10.1016/j.jnucmat.2009.03.043},
	url = {http://www.sciencedirect.com/science/article/pii/S0022311509004139}
}


@article{NEB_1994,
  title = {Quantum and thermal effects in ${\mathrm{H}}_{2}$ dissociative adsorption: Evaluation of free energy barriers in multidimensional quantum systems},
  author = {Mills, Greg and J\'onsson, Hannes},
  journal = {Phys. Rev. Lett.},
  volume = {72},
  issue = {7},
  pages = {1124--1127},
  numpages = {0},
  year = {1994},
  month = {Feb},
  publisher = {American Physical Society},
  note = {doi:10.1103/PhysRevLett.72.1124},
  doi = {10.1103/PhysRevLett.72.1124},
  url = {http://link.aps.org/doi/10.1103/PhysRevLett.72.1124}
}


@article{NEB_1995,
	title = "Reversible work transition state theory: application to dissociative adsorption of hydrogen ",
	author = "Gregory Mills and Hannes J\'onsson and Gregory K. Schenter",
	journal = "Surface Science ",
	volume = "324",
	number = "2–3",
	pages = "305 - 337",
	year = "1995",
	issn = "0039-6028",
	doi = "http://dx.doi.org/10.1016/0039-6028(94)00731-4",
	url = "http://www.sciencedirect.com/science/article/pii/0039602894007314",
}


@article{CI_NEB_2000,
   author = "Henkelman, Graeme and Uberuaga, Blas P. and J\'onsson, Hannes",
   title = "A climbing image nudged elastic band method for finding saddle points and minimum energy paths",
   journal = "The Journal of Chemical Physics",
   year = "2000",
   volume = "113",
   number = "22", 
   pages = "9901-9904",
   url = "http://scitation.aip.org/content/aip/journal/jcp/113/22/10.1063/1.1329672",
   doi = "http://dx.doi.org/10.1063/1.1329672"
}


@article{Metadynamics_2006,
  title = {Equilibrium Free Energies from Nonequilibrium Metadynamics},
  author = {Bussi, Giovanni and Laio, Alessandro and Parrinello, Michele},
  journal = {Phys. Rev. Lett.},
  volume = {96},
  issue = {9},
  pages = {090601},
  numpages = {4},
  year = {2006},
  month = {Mar},
  note = {doi:10.1103/PhysRevLett.96.090601},
  publisher = {American Physical Society},
  doi = {10.1103/PhysRevLett.96.090601},
  url = {http://link.aps.org/doi/10.1103/PhysRevLett.96.090601}
}


@article{Metadynamics_2005,
	author = {Francesco Luigi Gervasio,* and Alessandro Laio, and and Michele Parrinello},
	title = {Flexible Docking in Solution Using Metadynamics},
	journal = {Journal of the American Chemical Society},
	volume = {127},
	number = {8},
	pages = {2600-2607},
	year = {2005},
	doi = {10.1021/ja0445950},
	URL = {http://dx.doi.org/10.1021/ja0445950},
	eprint = {http://dx.doi.org/10.1021/ja0445950}
}


@article{Metadynamics_2008,
  author={Alessandro Laio and Francesco L Gervasio},
  title={Metadynamics: a method to simulate rare events and reconstruct the free energy in biophysics, chemistry and material science},
  journal={Reports on Progress in Physics},
  volume={71},
  number={12},
  pages={126601},
  year={2008},
  url={http://stacks.iop.org/0034-4885/71/i=12/a=126601},
}
  
@article{COLVARS,
 author =  {G.~Fiorin and M.{\,}L.~Klein and J.~H{\'e}nin},
 title =   {Using collective variables to drive molecular dynamics simulations},
 journal = {Mol.~Phys.},
 year =    {2013},
 note =    {doi:10.1080/00268976.2013.813594}
}

@article{Mattsson_DFT_Mo,
  title = {Quantifying the anomalous self-diffusion in molybdenum with first-principles simulations},
  author = {Mattsson, T. R. and Sandberg, N. and Armiento, R. and Mattsson, A. E.},
  journal = {Phys. Rev. B},
  volume = {80},
  issue = {22},
  pages = {224104},
  numpages = {5},
  year = {2009},
  month = {Dec},
  publisher = {American Physical Society},
  doi = {10.1103/PhysRevB.80.224104},
  url = {http://link.aps.org/doi/10.1103/PhysRevB.80.224104}
}
  	
@article{double_well_2012,
  author = {M Mantina and Y Wang and R Arroyave and S L Shang and L Q Chen and Z K Liu},
  title = {A first-principles approach to transition states of diffusion},
  journal = {Journal of Physics: Condensed Matter},
  volume = {24},
  number = {30},
  pages = {305402},
  year = {2012},
  url = {http://stacks.iop.org/0953-8984/24/i=30/a=305402},
}
	
@article{Rabone_2015_1,
	title = "DFT-based Metadynamics simulation of proton diffusion in tetragonal zirconia at 1500 K ",
	journal = "Journal of Nuclear Materials ",
	volume = "459",
	pages = "30 - 36",
	year = "2015",
	issn = "0022-3115",
	doi = "http://dx.doi.org/10.1016/j.jnucmat.2015.01.002",
	url = "http://www.sciencedirect.com/science/article/pii/S0022311515000069",
	author = "Jeremy Rabone and Paul Van Uffelen",
}

@article{Rabone_2015_2,
	title = "Density functional theory metadynamics of silver, caesium and palladium diffusion at $\beta$-SiC grain boundaries ",
	journal = "Journal of Nuclear Materials ",
	volume = "458",
	pages = "56 - 63",
	year = "2015",
	issn = "0022-3115",
	doi = "http://dx.doi.org/10.1016/j.jnucmat.2014.11.032",
	url = "http://www.sciencedirect.com/science/article/pii/S002231151400823X",
	author = "Jeremy Rabone and Eddie L\'opez-Honorato",
}

@article{Rabone_2014,
	author = {Jeremy Rabone and Eddie L\'opez-Honorato and Paul Van Uffelen},
	title = {Silver and Cesium Diffusion Dynamics at the β-SiC Σ5 Grain Boundary Investigated with Density Functional Theory Molecular Dynamics and Metadynamics},
	journal = {The Journal of Physical Chemistry A},
	volume = {118},
	number = {5},
	pages = {915-926},
	year = {2014},
	doi = {10.1021/jp411156c},
	note ={PMID: 24422635},
	URL = {http://dx.doi.org/10.1021/jp411156c},
	eprint = {http://dx.doi.org/10.1021/jp411156c}
}

@Article{Kozma_2012,
	author = {D\'aniel Kozma and Gergely T\'oth},
	title = {Microscopic Rate Constants of Crystal Growth from Molecular Dynamic Simulations Combined with Metadynamics},
	journal = {Advances in Physical Chemistry},
	year = {2012},
	volume = {2012},
	publisher = {Hindawi Publishing Corporation},
	pages = {10},
	OPTnote = {•},
	OPTnumber = {•},
	doi = {10.1155/2012/135172}
}

@article{Aschauer_2009,
	title = "Oxygen vacancy diffusion in alumina: New atomistic simulation methods applied to an old problem ",
	journal = "Acta Materialia ",
	author = "U. Aschauer and P. Bowen and S.C. Parker",
	volume = "57",
	number = "16",
	pages = "4765 - 4772",
	year = "2009",
	note = "",
	issn = "1359-6454",
	keywords = "Crystalline oxides",
	keywords = "Bulk diffusion",
	keywords = "Molecular dynamics simulations",
	keywords = "Monte Carlo simulations ",
	doi = "http://dx.doi.org/10.1016/j.actamat.2009.06.061",
	url = "http://www.sciencedirect.com/science/article/pii/S1359645409003917",
}


@article {U_track_1,
	author = {Norman, G. E. and Starikov, S. V. and Stegailov, V. V. and Saitov, I. M. and Zhilyaev, P. A.},
	title = {Atomistic Modeling of Warm Dense Matter in the Two-Temperature State},
	journal = {Contributions to Plasma Physics},
	volume = {53},
	number = {2},
	publisher = {WILEY-VCH Verlag},
	issn = {1521-3986},
	url = {http://dx.doi.org/10.1002/ctpp.201310025},
	doi = {10.1002/ctpp.201310025},
	pages = {129--139},
	keywords = {Warm dense matter, laser ablation, radiation damage, two-temperature state},
	year = {2013},
}

@article{U_track_2,
  author={V V Pisarev and S V Starikov},
  title={Atomistic simulation of ion track formation in UO 2},
  journal={Journal of Physics: Condensed Matter},
  volume={26},
  number={47},
  pages={475401},
  url={http://stacks.iop.org/0953-8984/26/i=47/a=475401},
  year={2014},
}

@InBook{dislocation_mobility,
	ALTauthor = {•},
	ALTeditor = {V. L. Indenbom},
	title = {Elastic Strain Fields and Dislocation Mobility},
	publisher = {North Holland},
	year = {1992},
	volume = {31},
	month = {May},
	pages = {713},
	isbn = {9780444568892},
}


@article{kMC_1991,
   author = {Fichthorn, Kristen A. and Weinberg, W. H.},
   title = {Theoretical foundations of dynamical Monte Carlo simulations},
   journal = {The Journal of Chemical Physics},
   year = {1991},
   volume = {95},
   number = {2}, 
   eid = ,
   pages = {1090-1096},
   url = "http://scitation.aip.org/content/aip/journal/jcp/95/2/10.1063/1.461138",
   doi = "http://dx.doi.org/10.1063/1.461138" 
}


@Inbook{BCC_Soft_Phonons,
author="Herzig, Chr.",
editor="Laskar, A. L. and Bocquet, J. L. and Brebec, G. and Monty, C.",
chapter="Diffusion and Soft Phonons in BCC Metals",
title="Diffusion in Materials",
year="1990",
publisher="Springer Netherlands",
address="Dordrecht",
pages="287--296",
isbn="978-94-009-1976-1",
doi="10.1007/978-94-009-1976-1_11",
url="http://dx.doi.org/10.1007/978-94-009-1976-1_11"
}


@Inbook{NATO_Pontikis_1990,
author="Pontikis, V.",
editor="Laskar, A. L. and Bocquet, J. L. and Brebec, G. and Monty, C.",
chapter="Thermally activated processes in solids",
title="Diffusion in Materials",
year="1990",
publisher="Springer Netherlands",
address="Dordrecht",
pages="46--50",
isbn="978-94-009-1976-1",
doi="10.1007/978-94-009-1976-1_11",
url="http://dx.doi.org/10.1007/978-94-009-1976-1_11"
}


@article{De_Lorenzi_1987,
  title = {Jump rate of the fcc vacancy in the short-memory    \textit{\char21{}}  augmented-rate-theory approximation. I. Difference Monte Carlo sampling for the Vineyard rate},
  author = {De Lorenzi, G. and Jacucci, G. and Flynn, C. P.},
  journal = {Phys. Rev. B},
  volume = {36},
  issue = {18},
  pages = {9461--9468},
  numpages = {0},
  year = {1987},
  month = {Dec},
  publisher = {American Physical Society},
  doi = {10.1103/PhysRevB.36.9461},
  url = {http://link.aps.org/doi/10.1103/PhysRevB.36.9461}
}

@article{Sato_2010,
  title={Theoretical Calculation of Activation Free Energy for Self-Diffusion in Prototype Crystal},
  author={K. Sato and S. Takizawa and T. Mohri},
  journal={MATERIALS TRANSACTIONS},
  volume={51},
  number={9},
  pages={1521-1525},
  year={2010},
  doi={10.2320/matertrans.MAW201009}
}

@article{Hellman_Abrikosov_2013,
  title = {Temperature dependent effective potential method for accurate free energy calculations of solids},
  author = {Hellman, Olle and Steneteg, Peter and Abrikosov, I. A. and Simak, S. I.},
  journal = {Phys. Rev. B},
  volume = {87},
  issue = {10},
  pages = {104111},
  numpages = {8},
  year = {2013},
  month = {Mar},
  publisher = {American Physical Society},
  doi = {10.1103/PhysRevB.87.104111},
  url = {http://link.aps.org/doi/10.1103/PhysRevB.87.104111}
}

@article{Asker_bcc_Mo_instability,
  title = {First-principles solution to the problem of Mo lattice stability},
  author = {Asker, C. and Belonoshko, A. B. and Mikhaylushkin, A. S. and Abrikosov, I. A.},
  journal = {Phys. Rev. B},
  volume = {77},
  issue = {22},
  pages = {220102},
  numpages = {4},
  year = {2008},
  month = {Jun},
  publisher = {American Physical Society},
  doi = {10.1103/PhysRevB.77.220102},
  url = {http://link.aps.org/doi/10.1103/PhysRevB.77.220102}
}

@article{Ozolins_bcc_W_instability,
  title = {First-Principles Calculations of Free Energies of Unstable Phases: The Case of fcc W},
  author = {Ozolins, V.},
  journal = {Phys. Rev. Lett.},
  volume = {102},
  issue = {6},
  pages = {065702},
  numpages = {4},
  year = {2009},
  month = {Feb},
  publisher = {American Physical Society},
  doi = {10.1103/PhysRevLett.102.065702},
  url = {http://link.aps.org/doi/10.1103/PhysRevLett.102.065702}
}

@article{big_review_fpmd_2014,
  title = {First-principles calculations for point defects in solids},
  author = {Freysoldt, Christoph and Grabowski, Blazej and Hickel, Tilmann and Neugebauer, J\"org and Kresse, Georg and Janotti, Anderson and Van de Walle, Chris G.},
  journal = {Rev. Mod. Phys.},
  volume = {86},
  issue = {1},
  pages = {253--305},
  numpages = {53},
  year = {2014},
  month = {Mar},
  publisher = {American Physical Society},
  doi = {10.1103/RevModPhys.86.253},
  url = {http://link.aps.org/doi/10.1103/RevModPhys.86.253}
}

@article{Hehenkamp_experiments_1994,
author = {Th. Hehenkamp},
title = "Absolute vacancy concentrations in noble metals and some of their alloys",
journal = "Journal of Physics and Chemistry of Solids",
volume = "55",
number = "10",
pages = "907 - 915",
year = "1994",
issn = "0022-3697",
doi = "http://dx.doi.org/10.1016/0022-3697(94)90110-4",
url = {http://www.sciencedirect.com/science/article/pii/0022369794901104}
}

@article{Carling_Mattsson_DFT_and_experiment,
  title = {Vacancies in Metals: From First-Principles Calculations to Experimental Data},
  author = {Carling, Karin and Wahnstr\"om, G\"oran and Mattsson, Thomas R. and Mattsson, Ann E. and Sandberg, Nils and Grimvall, G\"oran},
  journal = {Phys. Rev. Lett.},
  volume = {85},
  issue = {18},
  pages = {3862--3865},
  numpages = {0},
  year = {2000},
  month = {Oct},
  publisher = {American Physical Society},
  doi = {10.1103/PhysRevLett.85.3862},
  url = {http://link.aps.org/doi/10.1103/PhysRevLett.85.3862}
}	%пока не цитирую


@Article{Positron_annihilation_Poland,
author = {Rubaszek, A.},
title = {Positron Annihilation Study of Defects in the Cage-Type Uranium Compound},
journal = {Acta Physica Polonica A},
year = {2014},
OPTvolume = {125},
OPTnumber = {3},
OPTmonth = {},
OPTnote = {},
}

@article{Positron_annihilation_India,
  author={S Mukherjee and S K Sharma and V Sinha and P K Pujari},
  title={Positron annihilation spectroscopy of Uranium Molybdenum alloys},
  journal={Journal of Physics: Conference Series},
  volume={618},
  number={1},
  pages={012019},
  url={http://stacks.iop.org/1742-6596/618/i=1/a=012019},
  year={2015}
}

@article{Positron_annihilation_France,
  title = {Coupled experimental and $\mathrm{DFT}\phantom{\rule{0.16em}{0ex}}+\phantom{\rule{0.16em}{0ex}}U$ investigation of positron lifetimes in ${\mathrm{UO}}_{2}$},
  author = {Wiktor, Julia and Barthe, Marie-France and Jomard, G\'erald and Torrent, Marc and Freyss, Michel and Bertolus, Marjorie},
  publisher = {American Physical Society},
  journal = {Phys. Rev. B},
  volume = {90},
  issue = {18},
  pages = {184101},
  numpages = {11},
  year = {2014},
  month = {Nov},
  doi = {10.1103/PhysRevB.90.184101},
  url = {http://link.aps.org/doi/10.1103/PhysRevB.90.184101}
}

@Article{Soderlind_1995,
author = {Soderlind, Per and Eriksson, Olle and Johansson, Borje and Wills, J. M. and Boring, A. M.},
title = {A unified picture of the crystal structures of metals},
journal = {Nature},
year = {1995},
volume = {374},
pages = {524--525},
month = {04},
doi = {10.1038/374524a0},
}

